%YAML 1.1
%TAG !u! tag:unity3d.com,2011:
--- !u!1 &1924942272167246152
GameObject:
  m_ObjectHideFlags: 0
  m_CorrespondingSourceObject: {fileID: 0}
  m_PrefabInstance: {fileID: 0}
  m_PrefabAsset: {fileID: 0}
  serializedVersion: 6
  m_Component:
  - component: {fileID: 1924942272167246153}
  - component: {fileID: 1924942272167246156}
  - component: {fileID: 1924942272167246159}
  - component: {fileID: 1924942272167246158}
  - component: {fileID: 4152712519048554316}
  m_Layer: 10
  m_Name: Character_With_Ragdoll
  m_TagString: Untagged
  m_Icon: {fileID: 0}
  m_NavMeshLayer: 0
  m_StaticEditorFlags: 0
  m_IsActive: 1
--- !u!4 &1924942272167246153
Transform:
  m_ObjectHideFlags: 0
  m_CorrespondingSourceObject: {fileID: 0}
  m_PrefabInstance: {fileID: 0}
  m_PrefabAsset: {fileID: 0}
  m_GameObject: {fileID: 1924942272167246152}
  m_LocalRotation: {x: 0, y: 0, z: 0, w: 1}
  m_LocalPosition: {x: 0, y: 0, z: 5.15}
  m_LocalScale: {x: 1, y: 1, z: 1}
  m_Children:
  - {fileID: 7923735372236056320}
  m_Father: {fileID: 0}
  m_RootOrder: 0
  m_LocalEulerAnglesHint: {x: 0, y: 0, z: 0}
--- !u!95 &1924942272167246156
Animator:
  serializedVersion: 3
  m_ObjectHideFlags: 0
  m_CorrespondingSourceObject: {fileID: 0}
  m_PrefabInstance: {fileID: 0}
  m_PrefabAsset: {fileID: 0}
  m_GameObject: {fileID: 1924942272167246152}
  m_Enabled: 1
  m_Avatar: {fileID: 9000000, guid: fa7f36c71b9e8fa4798df3a931c2fd92, type: 3}
  m_Controller: {fileID: 9100000, guid: db026fe523ce2b940a20587a2f03e749, type: 2}
  m_CullingMode: 1
  m_UpdateMode: 0
  m_ApplyRootMotion: 0
  m_LinearVelocityBlending: 0
  m_WarningMessage: 
  m_HasTransformHierarchy: 1
  m_AllowConstantClipSamplingOptimization: 1
  m_KeepAnimatorControllerStateOnDisable: 0
--- !u!54 &1924942272167246159
Rigidbody:
  m_ObjectHideFlags: 0
  m_CorrespondingSourceObject: {fileID: 0}
  m_PrefabInstance: {fileID: 0}
  m_PrefabAsset: {fileID: 0}
  m_GameObject: {fileID: 1924942272167246152}
  serializedVersion: 2
  m_Mass: 1
  m_Drag: 0
  m_AngularDrag: 0.05
  m_UseGravity: 1
  m_IsKinematic: 0
  m_Interpolate: 0
  m_Constraints: 0
  m_CollisionDetection: 0
--- !u!136 &1924942272167246158
CapsuleCollider:
  m_ObjectHideFlags: 0
  m_CorrespondingSourceObject: {fileID: 0}
  m_PrefabInstance: {fileID: 0}
  m_PrefabAsset: {fileID: 0}
  m_GameObject: {fileID: 1924942272167246152}
  m_Material: {fileID: 0}
  m_IsTrigger: 0
  m_Enabled: 1
  m_Radius: 0.5
  m_Height: 2
  m_Direction: 1
  m_Center: {x: 0, y: 1, z: 0}
--- !u!114 &4152712519048554316
MonoBehaviour:
  m_ObjectHideFlags: 0
  m_CorrespondingSourceObject: {fileID: 0}
  m_PrefabInstance: {fileID: 0}
  m_PrefabAsset: {fileID: 0}
  m_GameObject: {fileID: 1924942272167246152}
  m_Enabled: 1
  m_EditorHideFlags: 0
  m_Script: {fileID: 11500000, guid: 4b2c2db32f7502c4891993079adac347, type: 3}
  m_Name: 
  m_EditorClassIdentifier: 
  enableRagdoll: 0
--- !u!54 &377381893455272343
Rigidbody:
  m_ObjectHideFlags: 0
  m_CorrespondingSourceObject: {fileID: 0}
  m_PrefabInstance: {fileID: 0}
  m_PrefabAsset: {fileID: 0}
  m_GameObject: {fileID: 7923735372236094220}
  serializedVersion: 2
  m_Mass: 1.875
  m_Drag: 0
  m_AngularDrag: 0.05
  m_UseGravity: 1
  m_IsKinematic: 0
  m_Interpolate: 0
  m_Constraints: 0
  m_CollisionDetection: 0
--- !u!136 &6236176267169851911
CapsuleCollider:
  m_ObjectHideFlags: 0
  m_CorrespondingSourceObject: {fileID: 0}
  m_PrefabInstance: {fileID: 0}
  m_PrefabAsset: {fileID: 0}
  m_GameObject: {fileID: 7923735372236094220}
  m_Material: {fileID: 13400000, guid: c7e535e688f1a844a9a0d65970d2e753, type: 2}
  m_IsTrigger: 0
  m_Enabled: 1
  m_Radius: 0.07307129
  m_Height: 0.29228517
  m_Direction: 1
  m_Center: {x: 0, y: 0.14614259, z: 0}
--- !u!144 &2620519638275887972
CharacterJoint:
  m_ObjectHideFlags: 0
  m_CorrespondingSourceObject: {fileID: 0}
  m_PrefabInstance: {fileID: 0}
  m_PrefabAsset: {fileID: 0}
  m_GameObject: {fileID: 7923735372236094220}
  m_ConnectedBody: {fileID: 941116632449997868}
  m_Anchor: {x: 0, y: 0, z: 0}
  m_Axis: {x: 0, y: 0, z: 1}
  m_AutoConfigureConnectedAnchor: 1
  m_ConnectedAnchor: {x: -0.00000014156112, y: 0.31198826, z: -0.000000014901167}
  serializedVersion: 2
  m_SwingAxis: {x: 1, y: 0, z: 0}
  m_TwistLimitSpring:
    spring: 0
    damper: 0
  m_LowTwistLimit:
    limit: -80
    bounciness: 0
    contactDistance: 0
  m_HighTwistLimit:
    limit: 0
    bounciness: 0
    contactDistance: 0
  m_SwingLimitSpring:
    spring: 0
    damper: 0
  m_Swing1Limit:
    limit: 0
    bounciness: 0
    contactDistance: 0
  m_Swing2Limit:
    limit: 0
    bounciness: 0
    contactDistance: 0
  m_EnableProjection: 0
  m_ProjectionDistance: 0.1
  m_ProjectionAngle: 180
  m_BreakForce: Infinity
  m_BreakTorque: Infinity
  m_EnableCollision: 0
  m_EnablePreprocessing: 0
  m_MassScale: 1
  m_ConnectedMassScale: 1
--- !u!54 &8154701599269771101
Rigidbody:
  m_ObjectHideFlags: 0
  m_CorrespondingSourceObject: {fileID: 0}
  m_PrefabInstance: {fileID: 0}
  m_PrefabAsset: {fileID: 0}
  m_GameObject: {fileID: 7923735372236094222}
  serializedVersion: 2
  m_Mass: 1.875
  m_Drag: 0
  m_AngularDrag: 0.05
  m_UseGravity: 1
  m_IsKinematic: 0
  m_Interpolate: 0
  m_Constraints: 0
  m_CollisionDetection: 0
--- !u!136 &8188182741569340092
CapsuleCollider:
  m_ObjectHideFlags: 0
  m_CorrespondingSourceObject: {fileID: 0}
  m_PrefabInstance: {fileID: 0}
  m_PrefabAsset: {fileID: 0}
  m_GameObject: {fileID: 7923735372236094222}
  m_Material: {fileID: 13400000, guid: c7e535e688f1a844a9a0d65970d2e753, type: 2}
  m_IsTrigger: 0
  m_Enabled: 1
  m_Radius: 0.073071346
  m_Height: 0.29228538
  m_Direction: 1
  m_Center: {x: 0, y: 0.14614269, z: 0}
--- !u!144 &5345634642644747769
CharacterJoint:
  m_ObjectHideFlags: 0
  m_CorrespondingSourceObject: {fileID: 0}
  m_PrefabInstance: {fileID: 0}
  m_PrefabAsset: {fileID: 0}
  m_GameObject: {fileID: 7923735372236094222}
  m_ConnectedBody: {fileID: 1411066832905988459}
  m_Anchor: {x: 0, y: 0, z: 0}
  m_Axis: {x: 0, y: 0, z: -1}
  m_AutoConfigureConnectedAnchor: 1
  m_ConnectedAnchor: {x: -0.0000001713637, y: 0.31198847, z: 0.000000048428838}
  serializedVersion: 2
  m_SwingAxis: {x: -1, y: 0, z: 0}
  m_TwistLimitSpring:
    spring: 0
    damper: 0
  m_LowTwistLimit:
    limit: -80
    bounciness: 0
    contactDistance: 0
  m_HighTwistLimit:
    limit: 0
    bounciness: 0
    contactDistance: 0
  m_SwingLimitSpring:
    spring: 0
    damper: 0
  m_Swing1Limit:
    limit: 0
    bounciness: 0
    contactDistance: 0
  m_Swing2Limit:
    limit: 0
    bounciness: 0
    contactDistance: 0
  m_EnableProjection: 0
  m_ProjectionDistance: 0.1
  m_ProjectionAngle: 180
  m_BreakForce: Infinity
  m_BreakTorque: Infinity
  m_EnableCollision: 0
  m_EnablePreprocessing: 0
  m_MassScale: 1
  m_ConnectedMassScale: 1
--- !u!54 &3367768867894800186
Rigidbody:
  m_ObjectHideFlags: 0
  m_CorrespondingSourceObject: {fileID: 0}
  m_PrefabInstance: {fileID: 0}
  m_PrefabAsset: {fileID: 0}
  m_GameObject: {fileID: 7923735372236094224}
  serializedVersion: 2
  m_Mass: 1.25
  m_Drag: 0
  m_AngularDrag: 0.05
  m_UseGravity: 1
  m_IsKinematic: 0
  m_Interpolate: 0
  m_Constraints: 0
  m_CollisionDetection: 0
--- !u!136 &7936729781651467152
CapsuleCollider:
  m_ObjectHideFlags: 0
  m_CorrespondingSourceObject: {fileID: 0}
  m_PrefabInstance: {fileID: 0}
  m_PrefabAsset: {fileID: 0}
  m_GameObject: {fileID: 7923735372236094224}
  m_Material: {fileID: 13400000, guid: c7e535e688f1a844a9a0d65970d2e753, type: 2}
  m_IsTrigger: 0
  m_Enabled: 1
  m_Radius: 0.062083073
  m_Height: 0.31041536
  m_Direction: 1
  m_Center: {x: 0, y: 0.15520768, z: 0}
--- !u!144 &8790451495211549771
CharacterJoint:
  m_ObjectHideFlags: 0
  m_CorrespondingSourceObject: {fileID: 0}
  m_PrefabInstance: {fileID: 0}
  m_PrefabAsset: {fileID: 0}
  m_GameObject: {fileID: 7923735372236094224}
  m_ConnectedBody: {fileID: 9095139350169995682}
  m_Anchor: {x: 0, y: 0, z: 0}
  m_Axis: {x: -1, y: 0, z: 0}
  m_AutoConfigureConnectedAnchor: 1
  m_ConnectedAnchor: {x: 0.000000059604645, y: 0.26387754, z: 0.00000017881393}
  serializedVersion: 2
  m_SwingAxis: {x: 0, y: 0, z: -1}
  m_TwistLimitSpring:
    spring: 0
    damper: 0
  m_LowTwistLimit:
    limit: -90
    bounciness: 0
    contactDistance: 0
  m_HighTwistLimit:
    limit: 0
    bounciness: 0
    contactDistance: 0
  m_SwingLimitSpring:
    spring: 0
    damper: 0
  m_Swing1Limit:
    limit: 0
    bounciness: 0
    contactDistance: 0
  m_Swing2Limit:
    limit: 0
    bounciness: 0
    contactDistance: 0
  m_EnableProjection: 0
  m_ProjectionDistance: 0.1
  m_ProjectionAngle: 180
  m_BreakForce: Infinity
  m_BreakTorque: Infinity
  m_EnableCollision: 0
  m_EnablePreprocessing: 0
  m_MassScale: 1
  m_ConnectedMassScale: 1
--- !u!54 &1348522629467888533
Rigidbody:
  m_ObjectHideFlags: 0
  m_CorrespondingSourceObject: {fileID: 0}
  m_PrefabInstance: {fileID: 0}
  m_PrefabAsset: {fileID: 0}
  m_GameObject: {fileID: 7923735372236094230}
  serializedVersion: 2
  m_Mass: 1.25
  m_Drag: 0
  m_AngularDrag: 0.05
  m_UseGravity: 1
  m_IsKinematic: 0
  m_Interpolate: 0
  m_Constraints: 0
  m_CollisionDetection: 0
--- !u!136 &9213958682637145877
CapsuleCollider:
  m_ObjectHideFlags: 0
  m_CorrespondingSourceObject: {fileID: 0}
  m_PrefabInstance: {fileID: 0}
  m_PrefabAsset: {fileID: 0}
  m_GameObject: {fileID: 7923735372236094230}
  m_Material: {fileID: 13400000, guid: c7e535e688f1a844a9a0d65970d2e753, type: 2}
  m_IsTrigger: 0
  m_Enabled: 1
  m_Radius: 0.06208312
  m_Height: 0.3104156
  m_Direction: 1
  m_Center: {x: 0, y: 0.1552078, z: 0}
--- !u!144 &5054084354640482079
CharacterJoint:
  m_ObjectHideFlags: 0
  m_CorrespondingSourceObject: {fileID: 0}
  m_PrefabInstance: {fileID: 0}
  m_PrefabAsset: {fileID: 0}
  m_GameObject: {fileID: 7923735372236094230}
  m_ConnectedBody: {fileID: 6332228662248369368}
  m_Anchor: {x: 0, y: 0, z: 0}
  m_Axis: {x: 1, y: 0, z: 0}
  m_AutoConfigureConnectedAnchor: 1
  m_ConnectedAnchor: {x: -0.000000022351742, y: 0.2638776, z: 0.0000003874302}
  serializedVersion: 2
  m_SwingAxis: {x: 0, y: 0, z: -1}
  m_TwistLimitSpring:
    spring: 0
    damper: 0
  m_LowTwistLimit:
    limit: -90
    bounciness: 0
    contactDistance: 0
  m_HighTwistLimit:
    limit: 0
    bounciness: 0
    contactDistance: 0
  m_SwingLimitSpring:
    spring: 0
    damper: 0
  m_Swing1Limit:
    limit: 0
    bounciness: 0
    contactDistance: 0
  m_Swing2Limit:
    limit: 0
    bounciness: 0
    contactDistance: 0
  m_EnableProjection: 0
  m_ProjectionDistance: 0.1
  m_ProjectionAngle: 180
  m_BreakForce: Infinity
  m_BreakTorque: Infinity
  m_EnableCollision: 0
  m_EnablePreprocessing: 0
  m_MassScale: 1
  m_ConnectedMassScale: 1
--- !u!54 &2861145402156059828
Rigidbody:
  m_ObjectHideFlags: 0
  m_CorrespondingSourceObject: {fileID: 0}
  m_PrefabInstance: {fileID: 0}
  m_PrefabAsset: {fileID: 0}
  m_GameObject: {fileID: 7923735372236094236}
  serializedVersion: 2
  m_Mass: 1.25
  m_Drag: 0
  m_AngularDrag: 0.05
  m_UseGravity: 1
  m_IsKinematic: 0
  m_Interpolate: 0
  m_Constraints: 0
  m_CollisionDetection: 0
--- !u!135 &7506072215276161577
SphereCollider:
  m_ObjectHideFlags: 0
  m_CorrespondingSourceObject: {fileID: 0}
  m_PrefabInstance: {fileID: 0}
  m_PrefabAsset: {fileID: 0}
  m_GameObject: {fileID: 7923735372236094236}
  m_Material: {fileID: 13400000, guid: c7e535e688f1a844a9a0d65970d2e753, type: 2}
  m_IsTrigger: 0
  m_Enabled: 1
  serializedVersion: 2
  m_Radius: 0.3
  m_Center: {x: 0, y: 0.28, z: 0}
--- !u!144 &3293248094880929388
CharacterJoint:
  m_ObjectHideFlags: 0
  m_CorrespondingSourceObject: {fileID: 0}
  m_PrefabInstance: {fileID: 0}
  m_PrefabAsset: {fileID: 0}
  m_GameObject: {fileID: 7923735372236094236}
  m_ConnectedBody: {fileID: 174619529990048953}
  m_Anchor: {x: 0, y: 0, z: 0}
  m_Axis: {x: 0, y: 0, z: -1}
  m_AutoConfigureConnectedAnchor: 1
  m_ConnectedAnchor: {x: 0.027787115, y: 0.5272801, z: -0.00035306907}
  serializedVersion: 2
  m_SwingAxis: {x: 1, y: 0, z: 0}
  m_TwistLimitSpring:
    spring: 0
    damper: 0
  m_LowTwistLimit:
    limit: -40
    bounciness: 0
    contactDistance: 0
  m_HighTwistLimit:
    limit: 25
    bounciness: 0
    contactDistance: 0
  m_SwingLimitSpring:
    spring: 0
    damper: 0
  m_Swing1Limit:
    limit: 25
    bounciness: 0
    contactDistance: 0
  m_Swing2Limit:
    limit: 0
    bounciness: 0
    contactDistance: 0
  m_EnableProjection: 0
  m_ProjectionDistance: 0.1
  m_ProjectionAngle: 180
  m_BreakForce: Infinity
  m_BreakTorque: Infinity
  m_EnableCollision: 0
  m_EnablePreprocessing: 0
  m_MassScale: 1
  m_ConnectedMassScale: 1
--- !u!54 &174619529990048953
Rigidbody:
  m_ObjectHideFlags: 0
  m_CorrespondingSourceObject: {fileID: 0}
  m_PrefabInstance: {fileID: 0}
  m_PrefabAsset: {fileID: 0}
  m_GameObject: {fileID: 7923735372236094308}
  serializedVersion: 2
  m_Mass: 3.125
  m_Drag: 0
  m_AngularDrag: 0.05
  m_UseGravity: 1
  m_IsKinematic: 0
  m_Interpolate: 0
  m_Constraints: 0
  m_CollisionDetection: 0
--- !u!65 &656640606974003745
BoxCollider:
  m_ObjectHideFlags: 0
  m_CorrespondingSourceObject: {fileID: 0}
  m_PrefabInstance: {fileID: 0}
  m_PrefabAsset: {fileID: 0}
  m_GameObject: {fileID: 7923735372236094308}
  m_Material: {fileID: 13400000, guid: c7e535e688f1a844a9a0d65970d2e753, type: 2}
  m_IsTrigger: 0
  m_Enabled: 1
  serializedVersion: 2
  m_Size: {x: 0.27669445, y: 0.40415537, z: 0.29146338}
  m_Center: {x: -0.01314266, y: 0.2020774, z: -0.00035309792}
--- !u!144 &6939268028395551979
CharacterJoint:
  m_ObjectHideFlags: 0
  m_CorrespondingSourceObject: {fileID: 0}
  m_PrefabInstance: {fileID: 0}
  m_PrefabAsset: {fileID: 0}
  m_GameObject: {fileID: 7923735372236094308}
  m_ConnectedBody: {fileID: 3666912838173787576}
  m_Anchor: {x: 0, y: 0, z: 0}
  m_Axis: {x: 0, y: 0, z: -1}
  m_AutoConfigureConnectedAnchor: 1
  m_ConnectedAnchor: {x: -0.0028939866, y: 0.21020436, z: -0.0000000011641532}
  serializedVersion: 2
  m_SwingAxis: {x: 1, y: 0, z: 0}
  m_TwistLimitSpring:
    spring: 0
    damper: 0
  m_LowTwistLimit:
    limit: -20
    bounciness: 0
    contactDistance: 0
  m_HighTwistLimit:
    limit: 20
    bounciness: 0
    contactDistance: 0
  m_SwingLimitSpring:
    spring: 0
    damper: 0
  m_Swing1Limit:
    limit: 10
    bounciness: 0
    contactDistance: 0
  m_Swing2Limit:
    limit: 0
    bounciness: 0
    contactDistance: 0
  m_EnableProjection: 0
  m_ProjectionDistance: 0.1
  m_ProjectionAngle: 180
  m_BreakForce: Infinity
  m_BreakTorque: Infinity
  m_EnableCollision: 0
  m_EnablePreprocessing: 0
  m_MassScale: 1
  m_ConnectedMassScale: 1
--- !u!54 &3666912838173787576
Rigidbody:
  m_ObjectHideFlags: 0
  m_CorrespondingSourceObject: {fileID: 0}
  m_PrefabInstance: {fileID: 0}
  m_PrefabAsset: {fileID: 0}
  m_GameObject: {fileID: 7923735372236094316}
  serializedVersion: 2
  m_Mass: 3.125
  m_Drag: 0
  m_AngularDrag: 0.05
  m_UseGravity: 1
  m_IsKinematic: 0
  m_Interpolate: 0
  m_Constraints: 0
  m_CollisionDetection: 0
--- !u!65 &7266302455204310739
BoxCollider:
  m_ObjectHideFlags: 0
  m_CorrespondingSourceObject: {fileID: 0}
  m_PrefabInstance: {fileID: 0}
  m_PrefabAsset: {fileID: 0}
  m_GameObject: {fileID: 7923735372236094316}
  m_Material: {fileID: 13400000, guid: c7e535e688f1a844a9a0d65970d2e753, type: 2}
  m_IsTrigger: 0
  m_Enabled: 1
  serializedVersion: 2
  m_Size: {x: 0.3057807, y: 0.21020436, z: 0.29146338}
  m_Center: {x: -0.02761507, y: 0.10510218, z: -0.00035311282}
--- !u!138 &5204274595796746255
FixedJoint:
  m_ObjectHideFlags: 0
  m_CorrespondingSourceObject: {fileID: 0}
  m_PrefabInstance: {fileID: 0}
  m_PrefabAsset: {fileID: 0}
  m_GameObject: {fileID: 7923735372236094316}
  m_ConnectedBody: {fileID: 1924942272167246159}
  m_BreakForce: Infinity
  m_BreakTorque: Infinity
  m_EnableCollision: 0
  m_EnablePreprocessing: 1
  m_MassScale: 1
  m_ConnectedMassScale: 1
--- !u!54 &6332228662248369368
Rigidbody:
  m_ObjectHideFlags: 0
  m_CorrespondingSourceObject: {fileID: 0}
  m_PrefabInstance: {fileID: 0}
  m_PrefabAsset: {fileID: 0}
  m_GameObject: {fileID: 7923735372236094320}
  serializedVersion: 2
  m_Mass: 1.25
  m_Drag: 0
  m_AngularDrag: 0.05
  m_UseGravity: 1
  m_IsKinematic: 0
  m_Interpolate: 0
  m_Constraints: 0
  m_CollisionDetection: 0
--- !u!136 &7623866579649306886
CapsuleCollider:
  m_ObjectHideFlags: 0
  m_CorrespondingSourceObject: {fileID: 0}
  m_PrefabInstance: {fileID: 0}
  m_PrefabAsset: {fileID: 0}
  m_GameObject: {fileID: 7923735372236094320}
  m_Material: {fileID: 13400000, guid: c7e535e688f1a844a9a0d65970d2e753, type: 2}
  m_IsTrigger: 0
  m_Enabled: 1
  m_Radius: 0.0659694
  m_Height: 0.2638776
  m_Direction: 1
  m_Center: {x: 0, y: 0.1319388, z: 0}
--- !u!144 &3693391340930754724
CharacterJoint:
  m_ObjectHideFlags: 0
  m_CorrespondingSourceObject: {fileID: 0}
  m_PrefabInstance: {fileID: 0}
  m_PrefabAsset: {fileID: 0}
  m_GameObject: {fileID: 7923735372236094320}
  m_ConnectedBody: {fileID: 174619529990048953}
  m_Anchor: {x: 0, y: 0, z: 0}
  m_Axis: {x: 0, y: 0, z: -1}
  m_AutoConfigureConnectedAnchor: 1
  m_ConnectedAnchor: {x: -0.026285313, y: 0.40415508, z: 0.14537857}
  serializedVersion: 2
  m_SwingAxis: {x: 1, y: 0, z: 0}
  m_TwistLimitSpring:
    spring: 0
    damper: 0
  m_LowTwistLimit:
    limit: -70
    bounciness: 0
    contactDistance: 0
  m_HighTwistLimit:
    limit: 10
    bounciness: 0
    contactDistance: 0
  m_SwingLimitSpring:
    spring: 0
    damper: 0
  m_Swing1Limit:
    limit: 50
    bounciness: 0
    contactDistance: 0
  m_Swing2Limit:
    limit: 0
    bounciness: 0
    contactDistance: 0
  m_EnableProjection: 0
  m_ProjectionDistance: 0.1
  m_ProjectionAngle: 180
  m_BreakForce: Infinity
  m_BreakTorque: Infinity
  m_EnableCollision: 0
  m_EnablePreprocessing: 0
  m_MassScale: 1
  m_ConnectedMassScale: 1
--- !u!54 &9095139350169995682
Rigidbody:
  m_ObjectHideFlags: 0
  m_CorrespondingSourceObject: {fileID: 0}
  m_PrefabInstance: {fileID: 0}
  m_PrefabAsset: {fileID: 0}
  m_GameObject: {fileID: 7923735372236094322}
  serializedVersion: 2
  m_Mass: 1.25
  m_Drag: 0
  m_AngularDrag: 0.05
  m_UseGravity: 1
  m_IsKinematic: 0
  m_Interpolate: 0
  m_Constraints: 0
  m_CollisionDetection: 0
--- !u!136 &8860534594042581884
CapsuleCollider:
  m_ObjectHideFlags: 0
  m_CorrespondingSourceObject: {fileID: 0}
  m_PrefabInstance: {fileID: 0}
  m_PrefabAsset: {fileID: 0}
  m_GameObject: {fileID: 7923735372236094322}
  m_Material: {fileID: 13400000, guid: c7e535e688f1a844a9a0d65970d2e753, type: 2}
  m_IsTrigger: 0
  m_Enabled: 1
  m_Radius: 0.065969385
  m_Height: 0.26387754
  m_Direction: 1
  m_Center: {x: 0, y: 0.13193877, z: 0}
--- !u!144 &5205849487008441038
CharacterJoint:
  m_ObjectHideFlags: 0
  m_CorrespondingSourceObject: {fileID: 0}
  m_PrefabInstance: {fileID: 0}
  m_PrefabAsset: {fileID: 0}
  m_GameObject: {fileID: 7923735372236094322}
  m_ConnectedBody: {fileID: 174619529990048953}
  m_Anchor: {x: 0, y: 0, z: 0}
  m_Axis: {x: 0, y: 0, z: -1}
  m_AutoConfigureConnectedAnchor: 1
  m_ConnectedAnchor: {x: -0.026285209, y: 0.40415508, z: -0.14608479}
  serializedVersion: 2
  m_SwingAxis: {x: -1, y: 0, z: 0}
  m_TwistLimitSpring:
    spring: 0
    damper: 0
  m_LowTwistLimit:
    limit: -70
    bounciness: 0
    contactDistance: 0
  m_HighTwistLimit:
    limit: 10
    bounciness: 0
    contactDistance: 0
  m_SwingLimitSpring:
    spring: 0
    damper: 0
  m_Swing1Limit:
    limit: 50
    bounciness: 0
    contactDistance: 0
  m_Swing2Limit:
    limit: 0
    bounciness: 0
    contactDistance: 0
  m_EnableProjection: 0
  m_ProjectionDistance: 0.1
  m_ProjectionAngle: 180
  m_BreakForce: Infinity
  m_BreakTorque: Infinity
  m_EnableCollision: 0
  m_EnablePreprocessing: 0
  m_MassScale: 1
  m_ConnectedMassScale: 1
--- !u!54 &941116632449997868
Rigidbody:
  m_ObjectHideFlags: 0
  m_CorrespondingSourceObject: {fileID: 0}
  m_PrefabInstance: {fileID: 0}
  m_PrefabAsset: {fileID: 0}
  m_GameObject: {fileID: 7923735372236094332}
  serializedVersion: 2
  m_Mass: 1.875
  m_Drag: 0
  m_AngularDrag: 0.05
  m_UseGravity: 1
  m_IsKinematic: 0
  m_Interpolate: 0
  m_Constraints: 0
  m_CollisionDetection: 0
--- !u!136 &2669911198085145263
CapsuleCollider:
  m_ObjectHideFlags: 0
  m_CorrespondingSourceObject: {fileID: 0}
  m_PrefabInstance: {fileID: 0}
  m_PrefabAsset: {fileID: 0}
  m_GameObject: {fileID: 7923735372236094332}
  m_Material: {fileID: 13400000, guid: c7e535e688f1a844a9a0d65970d2e753, type: 2}
  m_IsTrigger: 0
  m_Enabled: 1
  m_Radius: 0.09359648
  m_Height: 0.31198826
  m_Direction: 1
  m_Center: {x: 0, y: 0.15599413, z: 0}
--- !u!144 &529022083272886807
CharacterJoint:
  m_ObjectHideFlags: 0
  m_CorrespondingSourceObject: {fileID: 0}
  m_PrefabInstance: {fileID: 0}
  m_PrefabAsset: {fileID: 0}
  m_GameObject: {fileID: 7923735372236094332}
  m_ConnectedBody: {fileID: 3666912838173787576}
  m_Anchor: {x: 0, y: 0, z: 0}
  m_Axis: {x: 0, y: 0, z: 1}
  m_AutoConfigureConnectedAnchor: 1
  m_ConnectedAnchor: {x: 0.0019309418, y: 0.06094586, z: 0.10094383}
  serializedVersion: 2
  m_SwingAxis: {x: 1, y: 0, z: 0}
  m_TwistLimitSpring:
    spring: 0
    damper: 0
  m_LowTwistLimit:
    limit: -20
    bounciness: 0
    contactDistance: 0
  m_HighTwistLimit:
    limit: 70
    bounciness: 0
    contactDistance: 0
  m_SwingLimitSpring:
    spring: 0
    damper: 0
  m_Swing1Limit:
    limit: 30
    bounciness: 0
    contactDistance: 0
  m_Swing2Limit:
    limit: 0
    bounciness: 0
    contactDistance: 0
  m_EnableProjection: 0
  m_ProjectionDistance: 0.1
  m_ProjectionAngle: 180
  m_BreakForce: Infinity
  m_BreakTorque: Infinity
  m_EnableCollision: 0
  m_EnablePreprocessing: 0
  m_MassScale: 1
  m_ConnectedMassScale: 1
--- !u!54 &1411066832905988459
Rigidbody:
  m_ObjectHideFlags: 0
  m_CorrespondingSourceObject: {fileID: 0}
  m_PrefabInstance: {fileID: 0}
  m_PrefabAsset: {fileID: 0}
  m_GameObject: {fileID: 7923735372236094334}
  serializedVersion: 2
  m_Mass: 1.875
  m_Drag: 0
  m_AngularDrag: 0.05
  m_UseGravity: 1
  m_IsKinematic: 0
  m_Interpolate: 0
  m_Constraints: 0
  m_CollisionDetection: 0
--- !u!136 &8562584690570484292
CapsuleCollider:
  m_ObjectHideFlags: 0
  m_CorrespondingSourceObject: {fileID: 0}
  m_PrefabInstance: {fileID: 0}
  m_PrefabAsset: {fileID: 0}
  m_GameObject: {fileID: 7923735372236094334}
  m_Material: {fileID: 13400000, guid: c7e535e688f1a844a9a0d65970d2e753, type: 2}
  m_IsTrigger: 0
  m_Enabled: 1
  m_Radius: 0.09359655
  m_Height: 0.31198847
  m_Direction: 1
  m_Center: {x: 0, y: 0.15599424, z: 0}
--- !u!144 &2664091508988332861
CharacterJoint:
  m_ObjectHideFlags: 0
  m_CorrespondingSourceObject: {fileID: 0}
  m_PrefabInstance: {fileID: 0}
  m_PrefabAsset: {fileID: 0}
  m_GameObject: {fileID: 7923735372236094334}
  m_ConnectedBody: {fileID: 3666912838173787576}
  m_Anchor: {x: 0, y: 0, z: 0}
  m_Axis: {x: 0, y: 0, z: -1}
  m_AutoConfigureConnectedAnchor: 1
  m_ConnectedAnchor: {x: 0.0019310014, y: 0.06094584, z: -0.101649925}
  serializedVersion: 2
  m_SwingAxis: {x: -1, y: 0, z: 0}
  m_TwistLimitSpring:
    spring: 0
    damper: 0
  m_LowTwistLimit:
    limit: -20
    bounciness: 0
    contactDistance: 0
  m_HighTwistLimit:
    limit: 70
    bounciness: 0
    contactDistance: 0
  m_SwingLimitSpring:
    spring: 0
    damper: 0
  m_Swing1Limit:
    limit: 30
    bounciness: 0
    contactDistance: 0
  m_Swing2Limit:
    limit: 0
    bounciness: 0
    contactDistance: 0
  m_EnableProjection: 0
  m_ProjectionDistance: 0.1
  m_ProjectionAngle: 180
  m_BreakForce: Infinity
  m_BreakTorque: Infinity
  m_EnableCollision: 0
  m_EnablePreprocessing: 0
  m_MassScale: 1
  m_ConnectedMassScale: 1
--- !u!1001 &1924942272326022896
PrefabInstance:
  m_ObjectHideFlags: 0
  serializedVersion: 2
  m_Modification:
    m_TransformParent: {fileID: 1924942272167246153}
    m_Modifications:
    - target: {fileID: 8592876449704432112, guid: 6b5d591dbb72ac04a80d42bbb710cb7a,
        type: 3}
      propertyPath: m_RootOrder
      value: 0
      objectReference: {fileID: 0}
    - target: {fileID: 8592876449704432112, guid: 6b5d591dbb72ac04a80d42bbb710cb7a,
        type: 3}
      propertyPath: m_LocalPosition.x
      value: 0
      objectReference: {fileID: 0}
    - target: {fileID: 8592876449704432112, guid: 6b5d591dbb72ac04a80d42bbb710cb7a,
        type: 3}
      propertyPath: m_LocalPosition.y
      value: 0
      objectReference: {fileID: 0}
    - target: {fileID: 8592876449704432112, guid: 6b5d591dbb72ac04a80d42bbb710cb7a,
        type: 3}
      propertyPath: m_LocalPosition.z
      value: 0
      objectReference: {fileID: 0}
    - target: {fileID: 8592876449704432112, guid: 6b5d591dbb72ac04a80d42bbb710cb7a,
        type: 3}
      propertyPath: m_LocalRotation.w
      value: 1
      objectReference: {fileID: 0}
    - target: {fileID: 8592876449704432112, guid: 6b5d591dbb72ac04a80d42bbb710cb7a,
        type: 3}
      propertyPath: m_LocalRotation.x
      value: -0
      objectReference: {fileID: 0}
    - target: {fileID: 8592876449704432112, guid: 6b5d591dbb72ac04a80d42bbb710cb7a,
        type: 3}
      propertyPath: m_LocalRotation.y
      value: -0
      objectReference: {fileID: 0}
    - target: {fileID: 8592876449704432112, guid: 6b5d591dbb72ac04a80d42bbb710cb7a,
        type: 3}
      propertyPath: m_LocalRotation.z
      value: -0
      objectReference: {fileID: 0}
    - target: {fileID: 8592876449704432112, guid: 6b5d591dbb72ac04a80d42bbb710cb7a,
        type: 3}
      propertyPath: m_LocalEulerAnglesHint.x
      value: 0
      objectReference: {fileID: 0}
    - target: {fileID: 8592876449704432112, guid: 6b5d591dbb72ac04a80d42bbb710cb7a,
        type: 3}
      propertyPath: m_LocalEulerAnglesHint.y
      value: 0
      objectReference: {fileID: 0}
    - target: {fileID: 8592876449704432112, guid: 6b5d591dbb72ac04a80d42bbb710cb7a,
        type: 3}
      propertyPath: m_LocalEulerAnglesHint.z
      value: 0
      objectReference: {fileID: 0}
    - target: {fileID: 8592876449704463744, guid: 6b5d591dbb72ac04a80d42bbb710cb7a,
        type: 3}
      propertyPath: m_Layer
      value: 10
      objectReference: {fileID: 0}
    - target: {fileID: 8592876449704463746, guid: 6b5d591dbb72ac04a80d42bbb710cb7a,
        type: 3}
      propertyPath: m_Layer
      value: 10
      objectReference: {fileID: 0}
    - target: {fileID: 8592876449704463748, guid: 6b5d591dbb72ac04a80d42bbb710cb7a,
        type: 3}
      propertyPath: m_Layer
      value: 10
      objectReference: {fileID: 0}
    - target: {fileID: 8592876449704463750, guid: 6b5d591dbb72ac04a80d42bbb710cb7a,
        type: 3}
      propertyPath: m_Layer
      value: 10
      objectReference: {fileID: 0}
    - target: {fileID: 8592876449704463752, guid: 6b5d591dbb72ac04a80d42bbb710cb7a,
        type: 3}
      propertyPath: m_Layer
      value: 10
      objectReference: {fileID: 0}
    - target: {fileID: 8592876449704463754, guid: 6b5d591dbb72ac04a80d42bbb710cb7a,
        type: 3}
      propertyPath: m_Layer
      value: 10
      objectReference: {fileID: 0}
    - target: {fileID: 8592876449704463756, guid: 6b5d591dbb72ac04a80d42bbb710cb7a,
        type: 3}
      propertyPath: m_Layer
      value: 10
      objectReference: {fileID: 0}
    - target: {fileID: 8592876449704463758, guid: 6b5d591dbb72ac04a80d42bbb710cb7a,
        type: 3}
      propertyPath: m_Layer
      value: 10
      objectReference: {fileID: 0}
    - target: {fileID: 8592876449704463760, guid: 6b5d591dbb72ac04a80d42bbb710cb7a,
        type: 3}
      propertyPath: m_Layer
      value: 10
      objectReference: {fileID: 0}
    - target: {fileID: 8592876449704463762, guid: 6b5d591dbb72ac04a80d42bbb710cb7a,
        type: 3}
      propertyPath: m_Name
      value: Stickman_heads_sphere
      objectReference: {fileID: 0}
    - target: {fileID: 8592876449704463762, guid: 6b5d591dbb72ac04a80d42bbb710cb7a,
        type: 3}
      propertyPath: m_Layer
      value: 10
      objectReference: {fileID: 0}
    - target: {fileID: 8592876449704463764, guid: 6b5d591dbb72ac04a80d42bbb710cb7a,
        type: 3}
      propertyPath: m_Layer
      value: 10
      objectReference: {fileID: 0}
    - target: {fileID: 8592876449704463766, guid: 6b5d591dbb72ac04a80d42bbb710cb7a,
        type: 3}
      propertyPath: m_Layer
      value: 10
      objectReference: {fileID: 0}
    - target: {fileID: 8592876449704463768, guid: 6b5d591dbb72ac04a80d42bbb710cb7a,
        type: 3}
      propertyPath: m_Layer
      value: 10
      objectReference: {fileID: 0}
    - target: {fileID: 8592876449704463770, guid: 6b5d591dbb72ac04a80d42bbb710cb7a,
        type: 3}
      propertyPath: m_Layer
      value: 10
      objectReference: {fileID: 0}
    - target: {fileID: 8592876449704463772, guid: 6b5d591dbb72ac04a80d42bbb710cb7a,
        type: 3}
      propertyPath: m_Layer
      value: 10
      objectReference: {fileID: 0}
    - target: {fileID: 8592876449704463774, guid: 6b5d591dbb72ac04a80d42bbb710cb7a,
        type: 3}
      propertyPath: m_Layer
      value: 10
      objectReference: {fileID: 0}
    - target: {fileID: 8592876449704463840, guid: 6b5d591dbb72ac04a80d42bbb710cb7a,
        type: 3}
      propertyPath: m_Layer
      value: 10
      objectReference: {fileID: 0}
    - target: {fileID: 8592876449704463842, guid: 6b5d591dbb72ac04a80d42bbb710cb7a,
        type: 3}
      propertyPath: m_Layer
      value: 10
      objectReference: {fileID: 0}
    - target: {fileID: 8592876449704463844, guid: 6b5d591dbb72ac04a80d42bbb710cb7a,
        type: 3}
      propertyPath: m_Layer
      value: 10
      objectReference: {fileID: 0}
    - target: {fileID: 8592876449704463846, guid: 6b5d591dbb72ac04a80d42bbb710cb7a,
        type: 3}
      propertyPath: m_Layer
      value: 10
      objectReference: {fileID: 0}
    - target: {fileID: 8592876449704463848, guid: 6b5d591dbb72ac04a80d42bbb710cb7a,
        type: 3}
      propertyPath: m_Layer
      value: 10
      objectReference: {fileID: 0}
    - target: {fileID: 8592876449704463850, guid: 6b5d591dbb72ac04a80d42bbb710cb7a,
        type: 3}
      propertyPath: m_Layer
      value: 10
      objectReference: {fileID: 0}
    - target: {fileID: 8592876449704463852, guid: 6b5d591dbb72ac04a80d42bbb710cb7a,
        type: 3}
      propertyPath: m_Layer
      value: 10
      objectReference: {fileID: 0}
    - target: {fileID: 8592876449704463854, guid: 6b5d591dbb72ac04a80d42bbb710cb7a,
        type: 3}
      propertyPath: m_Layer
      value: 10
      objectReference: {fileID: 0}
    - target: {fileID: 8592876449704463856, guid: 6b5d591dbb72ac04a80d42bbb710cb7a,
        type: 3}
      propertyPath: m_Layer
      value: 10
      objectReference: {fileID: 0}
    - target: {fileID: 8592876449704463858, guid: 6b5d591dbb72ac04a80d42bbb710cb7a,
        type: 3}
      propertyPath: m_Layer
      value: 10
      objectReference: {fileID: 0}
    - target: {fileID: 8592876449704463860, guid: 6b5d591dbb72ac04a80d42bbb710cb7a,
        type: 3}
      propertyPath: m_Layer
      value: 10
      objectReference: {fileID: 0}
    - target: {fileID: 8592876449704463862, guid: 6b5d591dbb72ac04a80d42bbb710cb7a,
        type: 3}
      propertyPath: m_Layer
      value: 10
      objectReference: {fileID: 0}
    - target: {fileID: 8592876449704463864, guid: 6b5d591dbb72ac04a80d42bbb710cb7a,
        type: 3}
      propertyPath: m_Layer
      value: 10
      objectReference: {fileID: 0}
    - target: {fileID: 8592876449704463866, guid: 6b5d591dbb72ac04a80d42bbb710cb7a,
        type: 3}
      propertyPath: m_Layer
      value: 10
      objectReference: {fileID: 0}
    - target: {fileID: 8592876449704463868, guid: 6b5d591dbb72ac04a80d42bbb710cb7a,
        type: 3}
      propertyPath: m_Layer
      value: 10
      objectReference: {fileID: 0}
    - target: {fileID: 8592876449704463870, guid: 6b5d591dbb72ac04a80d42bbb710cb7a,
        type: 3}
      propertyPath: m_Layer
      value: 10
      objectReference: {fileID: 0}
    - target: {fileID: 8592876449707639036, guid: 6b5d591dbb72ac04a80d42bbb710cb7a,
        type: 3}
      propertyPath: m_Materials.Array.data[0]
      value: 
      objectReference: {fileID: 2100000, guid: 0088e017d09130e448a5e0a6ca5fbd95, type: 2}
    m_RemovedComponents:
    - {fileID: 8592876449711865404, guid: 6b5d591dbb72ac04a80d42bbb710cb7a, type: 3}
  m_SourcePrefab: {fileID: 100100000, guid: 6b5d591dbb72ac04a80d42bbb710cb7a, type: 3}
--- !u!1 &7923735372236094316 stripped
GameObject:
  m_CorrespondingSourceObject: {fileID: 8592876449704463772, guid: 6b5d591dbb72ac04a80d42bbb710cb7a,
    type: 3}
  m_PrefabInstance: {fileID: 1924942272326022896}
  m_PrefabAsset: {fileID: 0}
--- !u!1 &7923735372236094308 stripped
GameObject:
  m_CorrespondingSourceObject: {fileID: 8592876449704463764, guid: 6b5d591dbb72ac04a80d42bbb710cb7a,
    type: 3}
  m_PrefabInstance: {fileID: 1924942272326022896}
  m_PrefabAsset: {fileID: 0}
--- !u!1 &7923735372236094224 stripped
GameObject:
  m_CorrespondingSourceObject: {fileID: 8592876449704463840, guid: 6b5d591dbb72ac04a80d42bbb710cb7a,
    type: 3}
  m_PrefabInstance: {fileID: 1924942272326022896}
  m_PrefabAsset: {fileID: 0}
--- !u!1 &7923735372236094322 stripped
GameObject:
  m_CorrespondingSourceObject: {fileID: 8592876449704463746, guid: 6b5d591dbb72ac04a80d42bbb710cb7a,
    type: 3}
  m_PrefabInstance: {fileID: 1924942272326022896}
  m_PrefabAsset: {fileID: 0}
--- !u!1 &7923735372236094236 stripped
GameObject:
  m_CorrespondingSourceObject: {fileID: 8592876449704463852, guid: 6b5d591dbb72ac04a80d42bbb710cb7a,
    type: 3}
  m_PrefabInstance: {fileID: 1924942272326022896}
  m_PrefabAsset: {fileID: 0}
--- !u!1 &7923735372236094230 stripped
GameObject:
  m_CorrespondingSourceObject: {fileID: 8592876449704463846, guid: 6b5d591dbb72ac04a80d42bbb710cb7a,
    type: 3}
  m_PrefabInstance: {fileID: 1924942272326022896}
  m_PrefabAsset: {fileID: 0}
--- !u!1 &7923735372236094332 stripped
GameObject:
  m_CorrespondingSourceObject: {fileID: 8592876449704463756, guid: 6b5d591dbb72ac04a80d42bbb710cb7a,
    type: 3}
  m_PrefabInstance: {fileID: 1924942272326022896}
  m_PrefabAsset: {fileID: 0}
--- !u!1 &7923735372236094320 stripped
GameObject:
  m_CorrespondingSourceObject: {fileID: 8592876449704463744, guid: 6b5d591dbb72ac04a80d42bbb710cb7a,
    type: 3}
  m_PrefabInstance: {fileID: 1924942272326022896}
  m_PrefabAsset: {fileID: 0}
--- !u!1 &7923735372236094334 stripped
GameObject:
  m_CorrespondingSourceObject: {fileID: 8592876449704463758, guid: 6b5d591dbb72ac04a80d42bbb710cb7a,
    type: 3}
  m_PrefabInstance: {fileID: 1924942272326022896}
  m_PrefabAsset: {fileID: 0}
--- !u!1 &7923735372236094222 stripped
GameObject:
  m_CorrespondingSourceObject: {fileID: 8592876449704463870, guid: 6b5d591dbb72ac04a80d42bbb710cb7a,
    type: 3}
  m_PrefabInstance: {fileID: 1924942272326022896}
  m_PrefabAsset: {fileID: 0}
--- !u!4 &7923735372236056320 stripped
Transform:
  m_CorrespondingSourceObject: {fileID: 8592876449704432112, guid: 6b5d591dbb72ac04a80d42bbb710cb7a,
    type: 3}
  m_PrefabInstance: {fileID: 1924942272326022896}
  m_PrefabAsset: {fileID: 0}
--- !u!1 &7923735372236094220 stripped
GameObject:
  m_CorrespondingSourceObject: {fileID: 8592876449704463868, guid: 6b5d591dbb72ac04a80d42bbb710cb7a,
    type: 3}
  m_PrefabInstance: {fileID: 1924942272326022896}
  m_PrefabAsset: {fileID: 0}
