%YAML 1.1
%TAG !u! tag:unity3d.com,2011:
--- !u!54 &17664303234218882
Rigidbody:
  m_ObjectHideFlags: 0
  m_CorrespondingSourceObject: {fileID: 0}
  m_PrefabInstance: {fileID: 0}
  m_PrefabAsset: {fileID: 0}
  m_GameObject: {fileID: 43828956290888450}
  serializedVersion: 2
  m_Mass: 1
  m_Drag: 0
  m_AngularDrag: 0.05
  m_UseGravity: 1
  m_IsKinematic: 1
  m_Interpolate: 0
  m_Constraints: 0
  m_CollisionDetection: 0
--- !u!64 &2609440628394331410
MeshCollider:
  m_ObjectHideFlags: 0
  m_CorrespondingSourceObject: {fileID: 0}
  m_PrefabInstance: {fileID: 0}
  m_PrefabAsset: {fileID: 0}
  m_GameObject: {fileID: 43828956290888450}
  m_Material: {fileID: 0}
  m_IsTrigger: 0
  m_Enabled: 1
  serializedVersion: 4
  m_Convex: 1
  m_CookingOptions: 30
  m_Mesh: {fileID: 279092297219497266, guid: faca05e6dba55a04292748c63acd42a3, type: 3}
--- !u!54 &8228862078675225902
Rigidbody:
  m_ObjectHideFlags: 0
  m_CorrespondingSourceObject: {fileID: 0}
  m_PrefabInstance: {fileID: 0}
  m_PrefabAsset: {fileID: 0}
  m_GameObject: {fileID: 1707785340697798748}
  serializedVersion: 2
  m_Mass: 1
  m_Drag: 0
  m_AngularDrag: 0.05
  m_UseGravity: 1
  m_IsKinematic: 1
  m_Interpolate: 0
  m_Constraints: 0
  m_CollisionDetection: 0
--- !u!64 &7278038912621448153
MeshCollider:
  m_ObjectHideFlags: 0
  m_CorrespondingSourceObject: {fileID: 0}
  m_PrefabInstance: {fileID: 0}
  m_PrefabAsset: {fileID: 0}
  m_GameObject: {fileID: 1707785340697798748}
  m_Material: {fileID: 0}
  m_IsTrigger: 0
  m_Enabled: 1
  serializedVersion: 4
  m_Convex: 1
  m_CookingOptions: 30
  m_Mesh: {fileID: -7663504701035653986, guid: faca05e6dba55a04292748c63acd42a3, type: 3}
--- !u!54 &1961740814031991454
Rigidbody:
  m_ObjectHideFlags: 0
  m_CorrespondingSourceObject: {fileID: 0}
  m_PrefabInstance: {fileID: 0}
  m_PrefabAsset: {fileID: 0}
  m_GameObject: {fileID: 2465008946578778186}
  serializedVersion: 2
  m_Mass: 1
  m_Drag: 0
  m_AngularDrag: 0.05
  m_UseGravity: 1
  m_IsKinematic: 1
  m_Interpolate: 0
  m_Constraints: 0
  m_CollisionDetection: 0
--- !u!64 &2881204105097593853
MeshCollider:
  m_ObjectHideFlags: 0
  m_CorrespondingSourceObject: {fileID: 0}
  m_PrefabInstance: {fileID: 0}
  m_PrefabAsset: {fileID: 0}
  m_GameObject: {fileID: 2465008946578778186}
  m_Material: {fileID: 0}
  m_IsTrigger: 0
  m_Enabled: 1
  serializedVersion: 4
  m_Convex: 1
  m_CookingOptions: 30
  m_Mesh: {fileID: -6162289230918596091, guid: faca05e6dba55a04292748c63acd42a3, type: 3}
--- !u!1 &2611523856547097347
GameObject:
  m_ObjectHideFlags: 0
  m_CorrespondingSourceObject: {fileID: 0}
  m_PrefabInstance: {fileID: 0}
  m_PrefabAsset: {fileID: 0}
  serializedVersion: 6
  m_Component:
  - component: {fileID: 3419973404110025145}
  - component: {fileID: 8412951833308463506}
  - component: {fileID: 9069320367215747874}
  m_Layer: 8
  m_Name: Platform_Broken
  m_TagString: Untagged
  m_Icon: {fileID: 0}
  m_NavMeshLayer: 0
  m_StaticEditorFlags: 0
  m_IsActive: 1
--- !u!4 &3419973404110025145
Transform:
  m_ObjectHideFlags: 0
  m_CorrespondingSourceObject: {fileID: 0}
  m_PrefabInstance: {fileID: 0}
  m_PrefabAsset: {fileID: 0}
  m_GameObject: {fileID: 2611523856547097347}
  m_LocalRotation: {x: 0, y: 0, z: 0, w: 1}
  m_LocalPosition: {x: -5.89, y: 40.14, z: 35.94}
  m_LocalScale: {x: 3, y: 3, z: 3}
  m_Children:
  - {fileID: 4319816073734618474}
  - {fileID: 8180065360935250720}
  - {fileID: 2436434693455421188}
  - {fileID: 250590011836401919}
  m_Father: {fileID: 0}
  m_RootOrder: 0
  m_LocalEulerAnglesHint: {x: 0, y: 0, z: 0}
--- !u!114 &8412951833308463506
MonoBehaviour:
  m_ObjectHideFlags: 0
  m_CorrespondingSourceObject: {fileID: 0}
  m_PrefabInstance: {fileID: 0}
  m_PrefabAsset: {fileID: 0}
  m_GameObject: {fileID: 2611523856547097347}
  m_Enabled: 1
  m_EditorHideFlags: 0
  m_Script: {fileID: 11500000, guid: bd199ab4becc80b4a80b863e8a63baf2, type: 3}
  m_Name: 
  m_EditorClassIdentifier: 
  platformID: 0
  movesSideways: 0
  destructible: 1
  sinking: 0
  debris: {fileID: 0}
  maxJump: 2
  vfxAnimator: {fileID: 2934324555195144775}
  center: {fileID: 8180065360935250720}
  centerOffset: {x: 0, y: 0.5, z: 0}
  perfectRange: 0.8
  perfectMult: 1.5
  goodRange: 2.55
  goodMult: 1.15
  rigidbodies:
  - {fileID: 964622819357509641}
  - {fileID: 260529618472614016}
  - {fileID: 6326368047258506952}
  - {fileID: 70178011042887968}
  - {fileID: 8228862078675225902}
  - {fileID: 1961740814031991454}
  - {fileID: 992521083264741313}
  - {fileID: 9222532710316809728}
  - {fileID: 3676353626871350051}
  - {fileID: 2967028075031470571}
  - {fileID: 7603144575285225085}
  - {fileID: 17664303234218882}
  explosionRadius: 5
  maxExplosionForce: 500
  minExplosionForce: 200
  destroyDelay: 2
--- !u!54 &9069320367215747874
Rigidbody:
  m_ObjectHideFlags: 0
  m_CorrespondingSourceObject: {fileID: 0}
  m_PrefabInstance: {fileID: 0}
  m_PrefabAsset: {fileID: 0}
  m_GameObject: {fileID: 2611523856547097347}
  serializedVersion: 2
  m_Mass: 1
  m_Drag: 0
  m_AngularDrag: 0.05
  m_UseGravity: 1
  m_IsKinematic: 0
  m_Interpolate: 0
  m_Constraints: 126
  m_CollisionDetection: 2
--- !u!54 &260529618472614016
Rigidbody:
  m_ObjectHideFlags: 0
  m_CorrespondingSourceObject: {fileID: 0}
  m_PrefabInstance: {fileID: 0}
  m_PrefabAsset: {fileID: 0}
  m_GameObject: {fileID: 2813438443541081310}
  serializedVersion: 2
  m_Mass: 1
  m_Drag: 0
  m_AngularDrag: 0.05
  m_UseGravity: 1
  m_IsKinematic: 1
  m_Interpolate: 0
  m_Constraints: 0
  m_CollisionDetection: 0
--- !u!64 &5300152854893747827
MeshCollider:
  m_ObjectHideFlags: 0
  m_CorrespondingSourceObject: {fileID: 0}
  m_PrefabInstance: {fileID: 0}
  m_PrefabAsset: {fileID: 0}
  m_GameObject: {fileID: 2813438443541081310}
  m_Material: {fileID: 0}
  m_IsTrigger: 0
  m_Enabled: 1
  serializedVersion: 4
  m_Convex: 1
  m_CookingOptions: 30
  m_Mesh: {fileID: -613200878065603006, guid: faca05e6dba55a04292748c63acd42a3, type: 3}
--- !u!54 &6326368047258506952
Rigidbody:
  m_ObjectHideFlags: 0
  m_CorrespondingSourceObject: {fileID: 0}
  m_PrefabInstance: {fileID: 0}
  m_PrefabAsset: {fileID: 0}
  m_GameObject: {fileID: 3873169052610166358}
  serializedVersion: 2
  m_Mass: 1
  m_Drag: 0
  m_AngularDrag: 0.05
  m_UseGravity: 1
  m_IsKinematic: 1
  m_Interpolate: 0
  m_Constraints: 0
  m_CollisionDetection: 0
--- !u!64 &1608290216438036163
MeshCollider:
  m_ObjectHideFlags: 0
  m_CorrespondingSourceObject: {fileID: 0}
  m_PrefabInstance: {fileID: 0}
  m_PrefabAsset: {fileID: 0}
  m_GameObject: {fileID: 3873169052610166358}
  m_Material: {fileID: 0}
  m_IsTrigger: 0
  m_Enabled: 1
  serializedVersion: 4
  m_Convex: 1
  m_CookingOptions: 30
  m_Mesh: {fileID: 6556555065620201767, guid: faca05e6dba55a04292748c63acd42a3, type: 3}
--- !u!54 &2967028075031470571
Rigidbody:
  m_ObjectHideFlags: 0
  m_CorrespondingSourceObject: {fileID: 0}
  m_PrefabInstance: {fileID: 0}
  m_PrefabAsset: {fileID: 0}
  m_GameObject: {fileID: 4728907613971844999}
  serializedVersion: 2
  m_Mass: 1
  m_Drag: 0
  m_AngularDrag: 0.05
  m_UseGravity: 1
  m_IsKinematic: 1
  m_Interpolate: 0
  m_Constraints: 0
  m_CollisionDetection: 0
--- !u!64 &3544689180171686917
MeshCollider:
  m_ObjectHideFlags: 0
  m_CorrespondingSourceObject: {fileID: 0}
  m_PrefabInstance: {fileID: 0}
  m_PrefabAsset: {fileID: 0}
  m_GameObject: {fileID: 4728907613971844999}
  m_Material: {fileID: 0}
  m_IsTrigger: 0
  m_Enabled: 1
  serializedVersion: 4
  m_Convex: 1
  m_CookingOptions: 30
  m_Mesh: {fileID: 695211281901183687, guid: faca05e6dba55a04292748c63acd42a3, type: 3}
--- !u!54 &70178011042887968
Rigidbody:
  m_ObjectHideFlags: 0
  m_CorrespondingSourceObject: {fileID: 0}
  m_PrefabInstance: {fileID: 0}
  m_PrefabAsset: {fileID: 0}
  m_GameObject: {fileID: 4911747944811844004}
  serializedVersion: 2
  m_Mass: 1
  m_Drag: 0
  m_AngularDrag: 0.05
  m_UseGravity: 1
  m_IsKinematic: 1
  m_Interpolate: 0
  m_Constraints: 0
  m_CollisionDetection: 0
--- !u!64 &6974660270246487971
MeshCollider:
  m_ObjectHideFlags: 0
  m_CorrespondingSourceObject: {fileID: 0}
  m_PrefabInstance: {fileID: 0}
  m_PrefabAsset: {fileID: 0}
  m_GameObject: {fileID: 4911747944811844004}
  m_Material: {fileID: 0}
  m_IsTrigger: 0
  m_Enabled: 1
  serializedVersion: 4
  m_Convex: 1
  m_CookingOptions: 30
  m_Mesh: {fileID: -2281609833744640425, guid: faca05e6dba55a04292748c63acd42a3, type: 3}
--- !u!54 &992521083264741313
Rigidbody:
  m_ObjectHideFlags: 0
  m_CorrespondingSourceObject: {fileID: 0}
  m_PrefabInstance: {fileID: 0}
  m_PrefabAsset: {fileID: 0}
  m_GameObject: {fileID: 5355336311946971857}
  serializedVersion: 2
  m_Mass: 1
  m_Drag: 0
  m_AngularDrag: 0.05
  m_UseGravity: 1
  m_IsKinematic: 1
  m_Interpolate: 0
  m_Constraints: 0
  m_CollisionDetection: 0
--- !u!64 &3031042907469979823
MeshCollider:
  m_ObjectHideFlags: 0
  m_CorrespondingSourceObject: {fileID: 0}
  m_PrefabInstance: {fileID: 0}
  m_PrefabAsset: {fileID: 0}
  m_GameObject: {fileID: 5355336311946971857}
  m_Material: {fileID: 0}
  m_IsTrigger: 0
  m_Enabled: 1
  serializedVersion: 4
  m_Convex: 1
  m_CookingOptions: 30
  m_Mesh: {fileID: 1404635171892695045, guid: faca05e6dba55a04292748c63acd42a3, type: 3}
--- !u!1 &5708066478333786123
GameObject:
  m_ObjectHideFlags: 0
  m_CorrespondingSourceObject: {fileID: 0}
  m_PrefabInstance: {fileID: 0}
  m_PrefabAsset: {fileID: 0}
  serializedVersion: 6
  m_Component:
  - component: {fileID: 8180065360935250720}
  - component: {fileID: 6506720188077057590}
  m_Layer: 8
  m_Name: Collider
  m_TagString: Untagged
  m_Icon: {fileID: 0}
  m_NavMeshLayer: 0
  m_StaticEditorFlags: 0
  m_IsActive: 1
--- !u!4 &8180065360935250720
Transform:
  m_ObjectHideFlags: 0
  m_CorrespondingSourceObject: {fileID: 0}
  m_PrefabInstance: {fileID: 0}
  m_PrefabAsset: {fileID: 0}
  m_GameObject: {fileID: 5708066478333786123}
  m_LocalRotation: {x: -0.7071068, y: 0, z: -0, w: 0.7071067}
  m_LocalPosition: {x: 0.013, y: 0.252, z: 0.005}
  m_LocalScale: {x: 100, y: 100, z: 100}
  m_Children: []
  m_Father: {fileID: 3419973404110025145}
  m_RootOrder: 1
  m_LocalEulerAnglesHint: {x: 0, y: 0, z: 0}
--- !u!64 &6506720188077057590
MeshCollider:
  m_ObjectHideFlags: 0
  m_CorrespondingSourceObject: {fileID: 0}
  m_PrefabInstance: {fileID: 0}
  m_PrefabAsset: {fileID: 0}
  m_GameObject: {fileID: 5708066478333786123}
  m_Material: {fileID: 0}
  m_IsTrigger: 0
  m_Enabled: 1
  serializedVersion: 4
  m_Convex: 1
  m_CookingOptions: 30
  m_Mesh: {fileID: 2403435677658566425, guid: 78cc1988811589946bb21828909851de, type: 3}
--- !u!54 &964622819357509641
Rigidbody:
  m_ObjectHideFlags: 0
  m_CorrespondingSourceObject: {fileID: 0}
  m_PrefabInstance: {fileID: 0}
  m_PrefabAsset: {fileID: 0}
  m_GameObject: {fileID: 5797096352459137816}
  serializedVersion: 2
  m_Mass: 1
  m_Drag: 0
  m_AngularDrag: 0.05
  m_UseGravity: 1
  m_IsKinematic: 1
  m_Interpolate: 0
  m_Constraints: 0
  m_CollisionDetection: 0
--- !u!64 &7479161911599288527
MeshCollider:
  m_ObjectHideFlags: 0
  m_CorrespondingSourceObject: {fileID: 0}
  m_PrefabInstance: {fileID: 0}
  m_PrefabAsset: {fileID: 0}
  m_GameObject: {fileID: 5797096352459137816}
  m_Material: {fileID: 0}
  m_IsTrigger: 0
  m_Enabled: 1
  serializedVersion: 4
  m_Convex: 1
  m_CookingOptions: 30
  m_Mesh: {fileID: 3909233067320746374, guid: faca05e6dba55a04292748c63acd42a3, type: 3}
--- !u!54 &3676353626871350051
Rigidbody:
  m_ObjectHideFlags: 0
  m_CorrespondingSourceObject: {fileID: 0}
  m_PrefabInstance: {fileID: 0}
  m_PrefabAsset: {fileID: 0}
  m_GameObject: {fileID: 6764128753150356533}
  serializedVersion: 2
  m_Mass: 1
  m_Drag: 0
  m_AngularDrag: 0.05
  m_UseGravity: 1
  m_IsKinematic: 1
  m_Interpolate: 0
  m_Constraints: 0
  m_CollisionDetection: 0
--- !u!64 &6584602219431908687
MeshCollider:
  m_ObjectHideFlags: 0
  m_CorrespondingSourceObject: {fileID: 0}
  m_PrefabInstance: {fileID: 0}
  m_PrefabAsset: {fileID: 0}
  m_GameObject: {fileID: 6764128753150356533}
  m_Material: {fileID: 0}
  m_IsTrigger: 0
  m_Enabled: 1
  serializedVersion: 4
  m_Convex: 1
  m_CookingOptions: 30
  m_Mesh: {fileID: 154147071713182696, guid: faca05e6dba55a04292748c63acd42a3, type: 3}
--- !u!54 &9222532710316809728
Rigidbody:
  m_ObjectHideFlags: 0
  m_CorrespondingSourceObject: {fileID: 0}
  m_PrefabInstance: {fileID: 0}
  m_PrefabAsset: {fileID: 0}
  m_GameObject: {fileID: 7579660505500696490}
  serializedVersion: 2
  m_Mass: 1
  m_Drag: 0
  m_AngularDrag: 0.05
  m_UseGravity: 1
  m_IsKinematic: 1
  m_Interpolate: 0
  m_Constraints: 0
  m_CollisionDetection: 0
--- !u!64 &5850887576771335216
MeshCollider:
  m_ObjectHideFlags: 0
  m_CorrespondingSourceObject: {fileID: 0}
  m_PrefabInstance: {fileID: 0}
  m_PrefabAsset: {fileID: 0}
  m_GameObject: {fileID: 7579660505500696490}
  m_Material: {fileID: 0}
  m_IsTrigger: 0
  m_Enabled: 1
  serializedVersion: 4
  m_Convex: 1
  m_CookingOptions: 30
  m_Mesh: {fileID: 2403435677658566425, guid: faca05e6dba55a04292748c63acd42a3, type: 3}
--- !u!54 &7603144575285225085
Rigidbody:
  m_ObjectHideFlags: 0
  m_CorrespondingSourceObject: {fileID: 0}
  m_PrefabInstance: {fileID: 0}
  m_PrefabAsset: {fileID: 0}
  m_GameObject: {fileID: 7743007896785318971}
  serializedVersion: 2
  m_Mass: 1
  m_Drag: 0
  m_AngularDrag: 0.05
  m_UseGravity: 1
  m_IsKinematic: 1
  m_Interpolate: 0
  m_Constraints: 0
  m_CollisionDetection: 0
--- !u!64 &997701988346820341
MeshCollider:
  m_ObjectHideFlags: 0
  m_CorrespondingSourceObject: {fileID: 0}
  m_PrefabInstance: {fileID: 0}
  m_PrefabAsset: {fileID: 0}
  m_GameObject: {fileID: 7743007896785318971}
  m_Material: {fileID: 0}
  m_IsTrigger: 0
  m_Enabled: 1
  serializedVersion: 4
  m_Convex: 1
  m_CookingOptions: 30
  m_Mesh: {fileID: 7454759444067824869, guid: faca05e6dba55a04292748c63acd42a3, type: 3}
--- !u!1001 &356064972611546900
PrefabInstance:
  m_ObjectHideFlags: 0
  serializedVersion: 2
  m_Modification:
    m_TransformParent: {fileID: 3419973404110025145}
    m_Modifications:
    - target: {fileID: -8972315922394557893, guid: faca05e6dba55a04292748c63acd42a3, type: 3}
      propertyPath: m_LocalPosition.y
      value: -0.031
      objectReference: {fileID: 0}
    - target: {fileID: -8679921383154817045, guid: faca05e6dba55a04292748c63acd42a3, type: 3}
      propertyPath: m_LocalPosition.x
      value: 0
      objectReference: {fileID: 0}
    - target: {fileID: -8679921383154817045, guid: faca05e6dba55a04292748c63acd42a3, type: 3}
      propertyPath: m_LocalPosition.y
      value: 0
      objectReference: {fileID: 0}
    - target: {fileID: -8679921383154817045, guid: faca05e6dba55a04292748c63acd42a3, type: 3}
      propertyPath: m_LocalPosition.z
      value: 0
      objectReference: {fileID: 0}
    - target: {fileID: -8679921383154817045, guid: faca05e6dba55a04292748c63acd42a3, type: 3}
      propertyPath: m_LocalRotation.x
      value: 0
      objectReference: {fileID: 0}
    - target: {fileID: -8679921383154817045, guid: faca05e6dba55a04292748c63acd42a3, type: 3}
      propertyPath: m_LocalRotation.y
      value: 0
      objectReference: {fileID: 0}
    - target: {fileID: -8679921383154817045, guid: faca05e6dba55a04292748c63acd42a3, type: 3}
      propertyPath: m_LocalRotation.z
      value: 0
      objectReference: {fileID: 0}
    - target: {fileID: -8679921383154817045, guid: faca05e6dba55a04292748c63acd42a3, type: 3}
      propertyPath: m_LocalRotation.w
      value: 1
      objectReference: {fileID: 0}
    - target: {fileID: -8679921383154817045, guid: faca05e6dba55a04292748c63acd42a3, type: 3}
      propertyPath: m_RootOrder
      value: 3
      objectReference: {fileID: 0}
    - target: {fileID: -8679921383154817045, guid: faca05e6dba55a04292748c63acd42a3, type: 3}
      propertyPath: m_LocalEulerAnglesHint.x
      value: 0
      objectReference: {fileID: 0}
    - target: {fileID: -8679921383154817045, guid: faca05e6dba55a04292748c63acd42a3, type: 3}
      propertyPath: m_LocalEulerAnglesHint.y
      value: 0
      objectReference: {fileID: 0}
    - target: {fileID: -8679921383154817045, guid: faca05e6dba55a04292748c63acd42a3, type: 3}
      propertyPath: m_LocalEulerAnglesHint.z
      value: 0
      objectReference: {fileID: 0}
    - target: {fileID: -7867480125008830635, guid: faca05e6dba55a04292748c63acd42a3, type: 3}
      propertyPath: m_LocalPosition.y
      value: 0.133
      objectReference: {fileID: 0}
    - target: {fileID: -7835213812586182840, guid: faca05e6dba55a04292748c63acd42a3, type: 3}
      propertyPath: m_Layer
      value: 8
      objectReference: {fileID: 0}
    - target: {fileID: -7716954256228520510, guid: faca05e6dba55a04292748c63acd42a3, type: 3}
      propertyPath: m_LocalPosition.x
      value: -0.04
      objectReference: {fileID: 0}
    - target: {fileID: -7716954256228520510, guid: faca05e6dba55a04292748c63acd42a3, type: 3}
      propertyPath: m_LocalPosition.z
      value: -0.035
      objectReference: {fileID: 0}
    - target: {fileID: -6980737564124555237, guid: faca05e6dba55a04292748c63acd42a3, type: 3}
      propertyPath: m_LocalPosition.x
      value: 0.024
      objectReference: {fileID: 0}
    - target: {fileID: -6980737564124555237, guid: faca05e6dba55a04292748c63acd42a3, type: 3}
      propertyPath: m_LocalPosition.z
      value: -0.025
      objectReference: {fileID: 0}
    - target: {fileID: -6628594495827058485, guid: faca05e6dba55a04292748c63acd42a3, type: 3}
      propertyPath: m_Materials.Array.data[0]
      value: 
      objectReference: {fileID: 2100000, guid: 8aecdcdc46f05314da72f7602727d75f, type: 2}
    - target: {fileID: -6628594495827058485, guid: faca05e6dba55a04292748c63acd42a3, type: 3}
      propertyPath: m_Materials.Array.data[1]
      value: 
      objectReference: {fileID: 2100000, guid: fc037ee3f2e960e4a987e08688107a94, type: 2}
    - target: {fileID: -6628594495827058485, guid: faca05e6dba55a04292748c63acd42a3, type: 3}
      propertyPath: m_Materials.Array.data[2]
      value: 
      objectReference: {fileID: 2100000, guid: 3171a2d489a988d4c94e1da3488c132e, type: 2}
    - target: {fileID: -6628594495827058485, guid: faca05e6dba55a04292748c63acd42a3, type: 3}
      propertyPath: m_CastShadows
      value: 0
      objectReference: {fileID: 0}
    - target: {fileID: -6429583739969042594, guid: faca05e6dba55a04292748c63acd42a3, type: 3}
      propertyPath: m_Layer
      value: 8
      objectReference: {fileID: 0}
    - target: {fileID: -6167303928605763371, guid: faca05e6dba55a04292748c63acd42a3, type: 3}
      propertyPath: m_Materials.Array.data[0]
      value: 
      objectReference: {fileID: 2100000, guid: 0982c8a9b29d7e043b1809735633afb8, type: 2}
    - target: {fileID: -6167303928605763371, guid: faca05e6dba55a04292748c63acd42a3, type: 3}
      propertyPath: m_CastShadows
      value: 0
      objectReference: {fileID: 0}
    - target: {fileID: -5386924084159594289, guid: faca05e6dba55a04292748c63acd42a3, type: 3}
      propertyPath: m_LocalPosition.y
      value: -0.056
      objectReference: {fileID: 0}
    - target: {fileID: -4593500818552702254, guid: faca05e6dba55a04292748c63acd42a3, type: 3}
      propertyPath: m_LocalPosition.x
      value: 0.032
      objectReference: {fileID: 0}
    - target: {fileID: -4228726808702951277, guid: faca05e6dba55a04292748c63acd42a3, type: 3}
      propertyPath: m_Layer
      value: 8
      objectReference: {fileID: 0}
    - target: {fileID: -3557556506542873147, guid: faca05e6dba55a04292748c63acd42a3, type: 3}
      propertyPath: m_Layer
      value: 8
      objectReference: {fileID: 0}
    - target: {fileID: -3147993061519950980, guid: faca05e6dba55a04292748c63acd42a3, type: 3}
      propertyPath: m_Materials.Array.data[0]
      value: 
      objectReference: {fileID: 2100000, guid: 8aecdcdc46f05314da72f7602727d75f, type: 2}
    - target: {fileID: -3147993061519950980, guid: faca05e6dba55a04292748c63acd42a3, type: 3}
      propertyPath: m_Materials.Array.data[1]
      value: 
      objectReference: {fileID: 2100000, guid: fc037ee3f2e960e4a987e08688107a94, type: 2}
    - target: {fileID: -3147993061519950980, guid: faca05e6dba55a04292748c63acd42a3, type: 3}
      propertyPath: m_Materials.Array.data[2]
      value: 
      objectReference: {fileID: 2100000, guid: 3171a2d489a988d4c94e1da3488c132e, type: 2}
    - target: {fileID: -3147993061519950980, guid: faca05e6dba55a04292748c63acd42a3, type: 3}
      propertyPath: m_CastShadows
      value: 0
      objectReference: {fileID: 0}
    - target: {fileID: -3142055778316674301, guid: faca05e6dba55a04292748c63acd42a3, type: 3}
      propertyPath: m_LocalPosition.y
      value: 0.027
      objectReference: {fileID: 0}
    - target: {fileID: -3133498875991405556, guid: faca05e6dba55a04292748c63acd42a3, type: 3}
      propertyPath: m_Layer
      value: 8
      objectReference: {fileID: 0}
    - target: {fileID: -2862484433118043519, guid: faca05e6dba55a04292748c63acd42a3, type: 3}
      propertyPath: m_Materials.Array.data[0]
      value: 
      objectReference: {fileID: 2100000, guid: 0982c8a9b29d7e043b1809735633afb8, type: 2}
    - target: {fileID: -2862484433118043519, guid: faca05e6dba55a04292748c63acd42a3, type: 3}
      propertyPath: m_CastShadows
      value: 0
      objectReference: {fileID: 0}
    - target: {fileID: -2859109400176981367, guid: faca05e6dba55a04292748c63acd42a3, type: 3}
      propertyPath: m_Materials.Array.data[1]
      value: 
      objectReference: {fileID: 2100000, guid: 796c55cf82a57154cacb010fa2d6e59e, type: 2}
    - target: {fileID: -2859109400176981367, guid: faca05e6dba55a04292748c63acd42a3, type: 3}
      propertyPath: m_Materials.Array.data[0]
      value: 
      objectReference: {fileID: 2100000, guid: 0982c8a9b29d7e043b1809735633afb8, type: 2}
    - target: {fileID: -2859109400176981367, guid: faca05e6dba55a04292748c63acd42a3, type: 3}
      propertyPath: m_CastShadows
      value: 0
      objectReference: {fileID: 0}
    - target: {fileID: -2796739252926282975, guid: faca05e6dba55a04292748c63acd42a3, type: 3}
      propertyPath: m_Layer
      value: 8
      objectReference: {fileID: 0}
    - target: {fileID: -1314872803122130754, guid: faca05e6dba55a04292748c63acd42a3, type: 3}
      propertyPath: m_Layer
      value: 8
      objectReference: {fileID: 0}
    - target: {fileID: -1187736867373147345, guid: faca05e6dba55a04292748c63acd42a3, type: 3}
      propertyPath: m_Layer
      value: 8
      objectReference: {fileID: 0}
    - target: {fileID: 318428466697493526, guid: faca05e6dba55a04292748c63acd42a3, type: 3}
      propertyPath: m_Layer
      value: 8
      objectReference: {fileID: 0}
    - target: {fileID: 533193074659131909, guid: faca05e6dba55a04292748c63acd42a3, type: 3}
      propertyPath: m_LocalPosition.z
      value: 0.015
      objectReference: {fileID: 0}
    - target: {fileID: 919132149155446097, guid: faca05e6dba55a04292748c63acd42a3, type: 3}
      propertyPath: m_Name
      value: TargetPlatform_Broken
      objectReference: {fileID: 0}
    - target: {fileID: 919132149155446097, guid: faca05e6dba55a04292748c63acd42a3, type: 3}
      propertyPath: m_Layer
      value: 8
      objectReference: {fileID: 0}
    - target: {fileID: 996418497009081746, guid: faca05e6dba55a04292748c63acd42a3, type: 3}
      propertyPath: m_LocalPosition.y
      value: 0.202
      objectReference: {fileID: 0}
    - target: {fileID: 2592851207085736906, guid: faca05e6dba55a04292748c63acd42a3, type: 3}
      propertyPath: m_Layer
      value: 8
      objectReference: {fileID: 0}
    - target: {fileID: 2982408803557973007, guid: faca05e6dba55a04292748c63acd42a3, type: 3}
      propertyPath: m_Materials.Array.data[1]
      value: 
      objectReference: {fileID: 2100000, guid: 796c55cf82a57154cacb010fa2d6e59e, type: 2}
    - target: {fileID: 2982408803557973007, guid: faca05e6dba55a04292748c63acd42a3, type: 3}
      propertyPath: m_Materials.Array.data[0]
      value: 
      objectReference: {fileID: 2100000, guid: 0982c8a9b29d7e043b1809735633afb8, type: 2}
    - target: {fileID: 2982408803557973007, guid: faca05e6dba55a04292748c63acd42a3, type: 3}
      propertyPath: m_CastShadows
      value: 0
      objectReference: {fileID: 0}
    - target: {fileID: 3544541331817042242, guid: faca05e6dba55a04292748c63acd42a3, type: 3}
      propertyPath: m_Layer
      value: 8
      objectReference: {fileID: 0}
    - target: {fileID: 4673319759951675056, guid: faca05e6dba55a04292748c63acd42a3, type: 3}
      propertyPath: m_Layer
      value: 8
      objectReference: {fileID: 0}
    - target: {fileID: 4876386770464690800, guid: faca05e6dba55a04292748c63acd42a3, type: 3}
      propertyPath: m_LocalPosition.x
      value: 0.029
      objectReference: {fileID: 0}
    - target: {fileID: 4876386770464690800, guid: faca05e6dba55a04292748c63acd42a3, type: 3}
      propertyPath: m_LocalPosition.z
      value: -0.054
      objectReference: {fileID: 0}
    - target: {fileID: 5395146914925404494, guid: faca05e6dba55a04292748c63acd42a3, type: 3}
      propertyPath: m_Materials.Array.data[0]
      value: 
      objectReference: {fileID: 2100000, guid: 0982c8a9b29d7e043b1809735633afb8, type: 2}
    - target: {fileID: 5395146914925404494, guid: faca05e6dba55a04292748c63acd42a3, type: 3}
      propertyPath: m_CastShadows
      value: 0
      objectReference: {fileID: 0}
    - target: {fileID: 5841636029194593022, guid: faca05e6dba55a04292748c63acd42a3, type: 3}
      propertyPath: m_Materials.Array.data[0]
      value: 
      objectReference: {fileID: 2100000, guid: ef05fd4ccd6d13c469dee8df22c598db, type: 2}
    - target: {fileID: 5841636029194593022, guid: faca05e6dba55a04292748c63acd42a3, type: 3}
      propertyPath: m_CastShadows
      value: 0
      objectReference: {fileID: 0}
    - target: {fileID: 6262938644753525697, guid: faca05e6dba55a04292748c63acd42a3, type: 3}
      propertyPath: m_Materials.Array.data[0]
      value: 
      objectReference: {fileID: 2100000, guid: 0982c8a9b29d7e043b1809735633afb8, type: 2}
    - target: {fileID: 6262938644753525697, guid: faca05e6dba55a04292748c63acd42a3, type: 3}
      propertyPath: m_CastShadows
      value: 0
      objectReference: {fileID: 0}
    - target: {fileID: 6862221435064771883, guid: faca05e6dba55a04292748c63acd42a3, type: 3}
      propertyPath: m_Materials.Array.data[1]
      value: 
      objectReference: {fileID: 2100000, guid: 796c55cf82a57154cacb010fa2d6e59e, type: 2}
    - target: {fileID: 6862221435064771883, guid: faca05e6dba55a04292748c63acd42a3, type: 3}
      propertyPath: m_Materials.Array.data[0]
      value: 
      objectReference: {fileID: 2100000, guid: 0982c8a9b29d7e043b1809735633afb8, type: 2}
    - target: {fileID: 6862221435064771883, guid: faca05e6dba55a04292748c63acd42a3, type: 3}
      propertyPath: m_CastShadows
      value: 0
      objectReference: {fileID: 0}
    - target: {fileID: 8154040878152305373, guid: faca05e6dba55a04292748c63acd42a3, type: 3}
      propertyPath: m_Materials.Array.data[0]
      value: 
      objectReference: {fileID: 2100000, guid: ef05fd4ccd6d13c469dee8df22c598db, type: 2}
    - target: {fileID: 8154040878152305373, guid: faca05e6dba55a04292748c63acd42a3, type: 3}
      propertyPath: m_CastShadows
      value: 0
      objectReference: {fileID: 0}
    - target: {fileID: 9043621831622440160, guid: faca05e6dba55a04292748c63acd42a3, type: 3}
      propertyPath: m_Materials.Array.data[0]
      value: 
      objectReference: {fileID: 2100000, guid: 8aecdcdc46f05314da72f7602727d75f, type: 2}
    - target: {fileID: 9043621831622440160, guid: faca05e6dba55a04292748c63acd42a3, type: 3}
      propertyPath: m_Materials.Array.data[1]
      value: 
      objectReference: {fileID: 2100000, guid: fc037ee3f2e960e4a987e08688107a94, type: 2}
    - target: {fileID: 9043621831622440160, guid: faca05e6dba55a04292748c63acd42a3, type: 3}
      propertyPath: m_Materials.Array.data[2]
      value: 
      objectReference: {fileID: 2100000, guid: 3171a2d489a988d4c94e1da3488c132e, type: 2}
    - target: {fileID: 9043621831622440160, guid: faca05e6dba55a04292748c63acd42a3, type: 3}
      propertyPath: m_CastShadows
      value: 0
      objectReference: {fileID: 0}
    m_RemovedComponents: []
  m_SourcePrefab: {fileID: 100100000, guid: faca05e6dba55a04292748c63acd42a3, type: 3}
--- !u!1 &2465008946578778186 stripped
GameObject:
  m_CorrespondingSourceObject: {fileID: -6429583739969042594, guid: faca05e6dba55a04292748c63acd42a3, type: 3}
  m_PrefabInstance: {fileID: 356064972611546900}
  m_PrefabAsset: {fileID: 0}
--- !u!1 &1707785340697798748 stripped
GameObject:
  m_CorrespondingSourceObject: {fileID: -7835213812586182840, guid: faca05e6dba55a04292748c63acd42a3, type: 3}
  m_PrefabInstance: {fileID: 356064972611546900}
  m_PrefabAsset: {fileID: 0}
--- !u!1 &4911747944811844004 stripped
GameObject:
  m_CorrespondingSourceObject: {fileID: 4673319759951675056, guid: faca05e6dba55a04292748c63acd42a3, type: 3}
  m_PrefabInstance: {fileID: 356064972611546900}
  m_PrefabAsset: {fileID: 0}
--- !u!1 &5355336311946971857 stripped
GameObject:
  m_CorrespondingSourceObject: {fileID: -3557556506542873147, guid: faca05e6dba55a04292748c63acd42a3, type: 3}
  m_PrefabInstance: {fileID: 356064972611546900}
  m_PrefabAsset: {fileID: 0}
--- !u!1 &3873169052610166358 stripped
GameObject:
  m_CorrespondingSourceObject: {fileID: 3544541331817042242, guid: faca05e6dba55a04292748c63acd42a3, type: 3}
  m_PrefabInstance: {fileID: 356064972611546900}
  m_PrefabAsset: {fileID: 0}
--- !u!1 &2813438443541081310 stripped
GameObject:
  m_CorrespondingSourceObject: {fileID: 2592851207085736906, guid: faca05e6dba55a04292748c63acd42a3, type: 3}
  m_PrefabInstance: {fileID: 356064972611546900}
  m_PrefabAsset: {fileID: 0}
--- !u!1 &7579660505500696490 stripped
GameObject:
  m_CorrespondingSourceObject: {fileID: -1314872803122130754, guid: faca05e6dba55a04292748c63acd42a3, type: 3}
  m_PrefabInstance: {fileID: 356064972611546900}
  m_PrefabAsset: {fileID: 0}
--- !u!1 &6764128753150356533 stripped
GameObject:
  m_CorrespondingSourceObject: {fileID: -2796739252926282975, guid: faca05e6dba55a04292748c63acd42a3, type: 3}
  m_PrefabInstance: {fileID: 356064972611546900}
  m_PrefabAsset: {fileID: 0}
--- !u!1 &4728907613971844999 stripped
GameObject:
  m_CorrespondingSourceObject: {fileID: -4228726808702951277, guid: faca05e6dba55a04292748c63acd42a3, type: 3}
  m_PrefabInstance: {fileID: 356064972611546900}
  m_PrefabAsset: {fileID: 0}
--- !u!1 &7743007896785318971 stripped
GameObject:
  m_CorrespondingSourceObject: {fileID: -1187736867373147345, guid: faca05e6dba55a04292748c63acd42a3, type: 3}
  m_PrefabInstance: {fileID: 356064972611546900}
  m_PrefabAsset: {fileID: 0}
--- !u!1 &43828956290888450 stripped
GameObject:
  m_CorrespondingSourceObject: {fileID: 318428466697493526, guid: faca05e6dba55a04292748c63acd42a3, type: 3}
  m_PrefabInstance: {fileID: 356064972611546900}
  m_PrefabAsset: {fileID: 0}
--- !u!1 &5797096352459137816 stripped
GameObject:
  m_CorrespondingSourceObject: {fileID: -3133498875991405556, guid: faca05e6dba55a04292748c63acd42a3, type: 3}
  m_PrefabInstance: {fileID: 356064972611546900}
  m_PrefabAsset: {fileID: 0}
--- !u!4 &250590011836401919 stripped
Transform:
  m_CorrespondingSourceObject: {fileID: -8679921383154817045, guid: faca05e6dba55a04292748c63acd42a3, type: 3}
  m_PrefabInstance: {fileID: 356064972611546900}
  m_PrefabAsset: {fileID: 0}
--- !u!1001 &1754090129016305629
PrefabInstance:
  m_ObjectHideFlags: 0
  serializedVersion: 2
  m_Modification:
    m_TransformParent: {fileID: 3419973404110025145}
    m_Modifications:
    - target: {fileID: 767596735099604998, guid: 48f76719784b97143a9c4c0d4dd88515, type: 3}
      propertyPath: m_Name
      value: PlatformNumber
      objectReference: {fileID: 0}
    - target: {fileID: 767596735099604998, guid: 48f76719784b97143a9c4c0d4dd88515, type: 3}
      propertyPath: m_StaticEditorFlags
      value: 0
      objectReference: {fileID: 0}
    - target: {fileID: 767596735099604998, guid: 48f76719784b97143a9c4c0d4dd88515, type: 3}
      propertyPath: m_Layer
      value: 8
      objectReference: {fileID: 0}
    - target: {fileID: 1051670435337229620, guid: 48f76719784b97143a9c4c0d4dd88515, type: 3}
      propertyPath: m_StaticEditorFlags
      value: 0
      objectReference: {fileID: 0}
    - target: {fileID: 1051670435337229620, guid: 48f76719784b97143a9c4c0d4dd88515, type: 3}
      propertyPath: m_Layer
      value: 8
      objectReference: {fileID: 0}
    - target: {fileID: 2061883457524380335, guid: 48f76719784b97143a9c4c0d4dd88515, type: 3}
      propertyPath: p_Bounce
      value: 
      objectReference: {fileID: 8412951833308463506}
    - target: {fileID: 3360299599676909905, guid: 48f76719784b97143a9c4c0d4dd88515, type: 3}
      propertyPath: m_StaticEditorFlags
      value: 0
      objectReference: {fileID: 0}
    - target: {fileID: 3360299599676909905, guid: 48f76719784b97143a9c4c0d4dd88515, type: 3}
      propertyPath: m_Layer
      value: 8
      objectReference: {fileID: 0}
    - target: {fileID: 4150124077175023833, guid: 48f76719784b97143a9c4c0d4dd88515, type: 3}
      propertyPath: m_LocalPosition.x
      value: 0
      objectReference: {fileID: 0}
    - target: {fileID: 4150124077175023833, guid: 48f76719784b97143a9c4c0d4dd88515, type: 3}
      propertyPath: m_LocalPosition.y
      value: 0
      objectReference: {fileID: 0}
    - target: {fileID: 4150124077175023833, guid: 48f76719784b97143a9c4c0d4dd88515, type: 3}
      propertyPath: m_LocalPosition.z
      value: 0
      objectReference: {fileID: 0}
    - target: {fileID: 4150124077175023833, guid: 48f76719784b97143a9c4c0d4dd88515, type: 3}
      propertyPath: m_LocalRotation.x
      value: 0
      objectReference: {fileID: 0}
    - target: {fileID: 4150124077175023833, guid: 48f76719784b97143a9c4c0d4dd88515, type: 3}
      propertyPath: m_LocalRotation.y
      value: 0
      objectReference: {fileID: 0}
    - target: {fileID: 4150124077175023833, guid: 48f76719784b97143a9c4c0d4dd88515, type: 3}
      propertyPath: m_LocalRotation.z
      value: 0
      objectReference: {fileID: 0}
    - target: {fileID: 4150124077175023833, guid: 48f76719784b97143a9c4c0d4dd88515, type: 3}
      propertyPath: m_LocalRotation.w
      value: 1
      objectReference: {fileID: 0}
    - target: {fileID: 4150124077175023833, guid: 48f76719784b97143a9c4c0d4dd88515, type: 3}
      propertyPath: m_RootOrder
      value: 2
      objectReference: {fileID: 0}
    - target: {fileID: 4150124077175023833, guid: 48f76719784b97143a9c4c0d4dd88515, type: 3}
      propertyPath: m_LocalEulerAnglesHint.x
      value: 0
      objectReference: {fileID: 0}
    - target: {fileID: 4150124077175023833, guid: 48f76719784b97143a9c4c0d4dd88515, type: 3}
      propertyPath: m_LocalEulerAnglesHint.y
      value: 0
      objectReference: {fileID: 0}
    - target: {fileID: 4150124077175023833, guid: 48f76719784b97143a9c4c0d4dd88515, type: 3}
      propertyPath: m_LocalEulerAnglesHint.z
      value: 0
      objectReference: {fileID: 0}
    - target: {fileID: 7304422387272125117, guid: 48f76719784b97143a9c4c0d4dd88515, type: 3}
      propertyPath: m_StaticEditorFlags
      value: 0
      objectReference: {fileID: 0}
    - target: {fileID: 7894099606590278877, guid: 48f76719784b97143a9c4c0d4dd88515, type: 3}
      propertyPath: m_Layer
      value: 8
      objectReference: {fileID: 0}
    m_RemovedComponents: []
  m_SourcePrefab: {fileID: 100100000, guid: 48f76719784b97143a9c4c0d4dd88515, type: 3}
--- !u!4 &2436434693455421188 stripped
Transform:
  m_CorrespondingSourceObject: {fileID: 4150124077175023833, guid: 48f76719784b97143a9c4c0d4dd88515, type: 3}
  m_PrefabInstance: {fileID: 1754090129016305629}
  m_PrefabAsset: {fileID: 0}
--- !u!1001 &7894043364214305316
PrefabInstance:
  m_ObjectHideFlags: 0
  serializedVersion: 2
  m_Modification:
    m_TransformParent: {fileID: 3419973404110025145}
    m_Modifications:
    - target: {fileID: 1102221450713134298, guid: 25540901395b5484b9a5a47798d061b2, type: 3}
      propertyPath: m_StaticEditorFlags
      value: 0
      objectReference: {fileID: 0}
    - target: {fileID: 4631184978121696004, guid: 25540901395b5484b9a5a47798d061b2, type: 3}
      propertyPath: m_Name
      value: VFX_Platform
      objectReference: {fileID: 0}
    - target: {fileID: 4631184978121696004, guid: 25540901395b5484b9a5a47798d061b2, type: 3}
      propertyPath: m_StaticEditorFlags
      value: 0
      objectReference: {fileID: 0}
    - target: {fileID: 5419323101513769047, guid: 25540901395b5484b9a5a47798d061b2, type: 3}
      propertyPath: m_Materials.Array.data[0]
      value: 
      objectReference: {fileID: 2100000, guid: fc037ee3f2e960e4a987e08688107a94, type: 2}
    - target: {fileID: 6232514907191676750, guid: 25540901395b5484b9a5a47798d061b2, type: 3}
      propertyPath: m_LocalPosition.x
      value: 0
      objectReference: {fileID: 0}
    - target: {fileID: 6232514907191676750, guid: 25540901395b5484b9a5a47798d061b2, type: 3}
      propertyPath: m_LocalPosition.y
      value: 0.375
      objectReference: {fileID: 0}
    - target: {fileID: 6232514907191676750, guid: 25540901395b5484b9a5a47798d061b2, type: 3}
      propertyPath: m_LocalPosition.z
      value: 0.00185
      objectReference: {fileID: 0}
    - target: {fileID: 6232514907191676750, guid: 25540901395b5484b9a5a47798d061b2, type: 3}
      propertyPath: m_LocalRotation.x
      value: -0.7071068
      objectReference: {fileID: 0}
    - target: {fileID: 6232514907191676750, guid: 25540901395b5484b9a5a47798d061b2, type: 3}
      propertyPath: m_LocalRotation.y
      value: 0
      objectReference: {fileID: 0}
    - target: {fileID: 6232514907191676750, guid: 25540901395b5484b9a5a47798d061b2, type: 3}
      propertyPath: m_LocalRotation.z
      value: 0
      objectReference: {fileID: 0}
    - target: {fileID: 6232514907191676750, guid: 25540901395b5484b9a5a47798d061b2, type: 3}
      propertyPath: m_LocalRotation.w
      value: 0.7071068
      objectReference: {fileID: 0}
    - target: {fileID: 6232514907191676750, guid: 25540901395b5484b9a5a47798d061b2, type: 3}
      propertyPath: m_RootOrder
      value: 0
      objectReference: {fileID: 0}
    - target: {fileID: 6232514907191676750, guid: 25540901395b5484b9a5a47798d061b2, type: 3}
      propertyPath: m_LocalEulerAnglesHint.x
      value: -90
      objectReference: {fileID: 0}
    - target: {fileID: 6232514907191676750, guid: 25540901395b5484b9a5a47798d061b2, type: 3}
      propertyPath: m_LocalEulerAnglesHint.y
      value: 0
      objectReference: {fileID: 0}
    - target: {fileID: 6232514907191676750, guid: 25540901395b5484b9a5a47798d061b2, type: 3}
      propertyPath: m_LocalEulerAnglesHint.z
      value: 0
      objectReference: {fileID: 0}
    - target: {fileID: 6232514907191676750, guid: 25540901395b5484b9a5a47798d061b2, type: 3}
      propertyPath: m_LocalScale.x
      value: 0.25
      objectReference: {fileID: 0}
    - target: {fileID: 6232514907191676750, guid: 25540901395b5484b9a5a47798d061b2, type: 3}
      propertyPath: m_LocalScale.y
      value: 0.25
      objectReference: {fileID: 0}
    - target: {fileID: 6232514907191676750, guid: 25540901395b5484b9a5a47798d061b2, type: 3}
      propertyPath: m_LocalScale.z
      value: 1
      objectReference: {fileID: 0}
    - target: {fileID: 8025878960662727523, guid: 25540901395b5484b9a5a47798d061b2, type: 3}
      propertyPath: m_Materials.Array.data[0]
      value: 
      objectReference: {fileID: 2100000, guid: 3171a2d489a988d4c94e1da3488c132e, type: 2}
    - target: {fileID: 9180136270825872999, guid: 25540901395b5484b9a5a47798d061b2, type: 3}
      propertyPath: m_StaticEditorFlags
      value: 0
      objectReference: {fileID: 0}
    m_RemovedComponents: []
  m_SourcePrefab: {fileID: 100100000, guid: 25540901395b5484b9a5a47798d061b2, type: 3}
--- !u!4 &4319816073734618474 stripped
Transform:
  m_CorrespondingSourceObject: {fileID: 6232514907191676750, guid: 25540901395b5484b9a5a47798d061b2, type: 3}
  m_PrefabInstance: {fileID: 7894043364214305316}
  m_PrefabAsset: {fileID: 0}
--- !u!95 &2934324555195144775 stripped
Animator:
  m_CorrespondingSourceObject: {fileID: 4987057361414334563, guid: 25540901395b5484b9a5a47798d061b2, type: 3}
  m_PrefabInstance: {fileID: 7894043364214305316}
  m_PrefabAsset: {fileID: 0}
