%YAML 1.1
%TAG !u! tag:unity3d.com,2011:
--- !u!1 &1206912380452893919
GameObject:
  m_ObjectHideFlags: 0
  m_CorrespondingSourceObject: {fileID: 0}
  m_PrefabInstance: {fileID: 0}
  m_PrefabAsset: {fileID: 0}
  serializedVersion: 6
  m_Component:
  - component: {fileID: 8119021547309890035}
  - component: {fileID: 919775765256096470}
  - component: {fileID: 71517084050100353}
  - component: {fileID: 9043072250529391717}
  m_Layer: 8
  m_Name: Target
  m_TagString: Untagged
  m_Icon: {fileID: 0}
  m_NavMeshLayer: 0
  m_StaticEditorFlags: 0
  m_IsActive: 1
--- !u!4 &8119021547309890035
Transform:
  m_ObjectHideFlags: 0
  m_CorrespondingSourceObject: {fileID: 0}
  m_PrefabInstance: {fileID: 0}
  m_PrefabAsset: {fileID: 0}
  m_GameObject: {fileID: 1206912380452893919}
  m_LocalRotation: {x: -0.7071068, y: 0, z: -0, w: 0.7071067}
  m_LocalPosition: {x: -0, y: 0.1666444, z: 0}
  m_LocalScale: {x: 100, y: 100, z: 100}
  m_Children:
  - {fileID: 3681209848478633127}
  - {fileID: 5929669939460038401}
  m_Father: {fileID: 8860211256662049674}
  m_RootOrder: 0
  m_LocalEulerAnglesHint: {x: 0, y: 0, z: 0}
--- !u!33 &919775765256096470
MeshFilter:
  m_ObjectHideFlags: 0
  m_CorrespondingSourceObject: {fileID: 0}
  m_PrefabInstance: {fileID: 0}
  m_PrefabAsset: {fileID: 0}
  m_GameObject: {fileID: 1206912380452893919}
  m_Mesh: {fileID: 2403435677658566425, guid: 78cc1988811589946bb21828909851de, type: 3}
--- !u!23 &71517084050100353
MeshRenderer:
  m_ObjectHideFlags: 0
  m_CorrespondingSourceObject: {fileID: 0}
  m_PrefabInstance: {fileID: 0}
  m_PrefabAsset: {fileID: 0}
  m_GameObject: {fileID: 1206912380452893919}
  m_Enabled: 1
  m_CastShadows: 0
  m_ReceiveShadows: 1
  m_DynamicOccludee: 1
  m_MotionVectors: 1
  m_LightProbeUsage: 1
  m_ReflectionProbeUsage: 1
  m_RayTracingMode: 2
  m_RayTraceProcedural: 0
  m_RenderingLayerMask: 1
  m_RendererPriority: 0
  m_Materials:
  - {fileID: 2100000, guid: 8aecdcdc46f05314da72f7602727d75f, type: 2}
  - {fileID: 2100000, guid: fc037ee3f2e960e4a987e08688107a94, type: 2}
  - {fileID: 2100000, guid: 3171a2d489a988d4c94e1da3488c132e, type: 2}
  m_StaticBatchInfo:
    firstSubMesh: 0
    subMeshCount: 0
  m_StaticBatchRoot: {fileID: 0}
  m_ProbeAnchor: {fileID: 0}
  m_LightProbeVolumeOverride: {fileID: 0}
  m_ScaleInLightmap: 1
  m_ReceiveGI: 1
  m_PreserveUVs: 0
  m_IgnoreNormalsForChartDetection: 0
  m_ImportantGI: 0
  m_StitchLightmapSeams: 1
  m_SelectedEditorRenderState: 3
  m_MinimumChartSize: 4
  m_AutoUVMaxDistance: 0.5
  m_AutoUVMaxAngle: 89
  m_LightmapParameters: {fileID: 0}
  m_SortingLayerID: 0
  m_SortingLayer: 0
  m_SortingOrder: 0
  m_AdditionalVertexStreams: {fileID: 0}
--- !u!64 &9043072250529391717
MeshCollider:
  m_ObjectHideFlags: 0
  m_CorrespondingSourceObject: {fileID: 0}
  m_PrefabInstance: {fileID: 0}
  m_PrefabAsset: {fileID: 0}
  m_GameObject: {fileID: 1206912380452893919}
  m_Material: {fileID: 0}
  m_IsTrigger: 0
  m_Enabled: 1
  serializedVersion: 4
  m_Convex: 1
  m_CookingOptions: 30
  m_Mesh: {fileID: 2403435677658566425, guid: 78cc1988811589946bb21828909851de, type: 3}
--- !u!1 &1367754875926593358
GameObject:
  m_ObjectHideFlags: 0
  m_CorrespondingSourceObject: {fileID: 0}
  m_PrefabInstance: {fileID: 0}
  m_PrefabAsset: {fileID: 0}
  serializedVersion: 6
  m_Component:
  - component: {fileID: 7226814419214845153}
  - component: {fileID: 1764411667607281777}
  - component: {fileID: 889331968816672444}
  m_Layer: 8
  m_Name: Wing_Left
  m_TagString: Untagged
  m_Icon: {fileID: 0}
  m_NavMeshLayer: 0
  m_StaticEditorFlags: 0
  m_IsActive: 1
--- !u!4 &7226814419214845153
Transform:
  m_ObjectHideFlags: 0
  m_CorrespondingSourceObject: {fileID: 0}
  m_PrefabInstance: {fileID: 0}
  m_PrefabAsset: {fileID: 0}
  m_GameObject: {fileID: 1367754875926593358}
  m_LocalRotation: {x: -0.7071068, y: 0, z: -0, w: 0.7071067}
  m_LocalPosition: {x: -0, y: -0.5, z: 0}
  m_LocalScale: {x: 100, y: 12.5, z: 10.000002}
  m_Children: []
  m_Father: {fileID: 8860211256662049674}
  m_RootOrder: 1
  m_LocalEulerAnglesHint: {x: 0, y: 0, z: 0}
--- !u!33 &1764411667607281777
MeshFilter:
  m_ObjectHideFlags: 0
  m_CorrespondingSourceObject: {fileID: 0}
  m_PrefabInstance: {fileID: 0}
  m_PrefabAsset: {fileID: 0}
  m_GameObject: {fileID: 1367754875926593358}
  m_Mesh: {fileID: 7454759444067824869, guid: 78cc1988811589946bb21828909851de, type: 3}
--- !u!23 &889331968816672444
MeshRenderer:
  m_ObjectHideFlags: 0
  m_CorrespondingSourceObject: {fileID: 0}
  m_PrefabInstance: {fileID: 0}
  m_PrefabAsset: {fileID: 0}
  m_GameObject: {fileID: 1367754875926593358}
  m_Enabled: 1
  m_CastShadows: 0
  m_ReceiveShadows: 1
  m_DynamicOccludee: 1
  m_MotionVectors: 1
  m_LightProbeUsage: 1
  m_ReflectionProbeUsage: 1
  m_RayTracingMode: 2
  m_RayTraceProcedural: 0
  m_RenderingLayerMask: 1
  m_RendererPriority: 0
  m_Materials:
  - {fileID: 2100000, guid: ef05fd4ccd6d13c469dee8df22c598db, type: 2}
  - {fileID: 2100000, guid: ef05fd4ccd6d13c469dee8df22c598db, type: 2}
  m_StaticBatchInfo:
    firstSubMesh: 0
    subMeshCount: 0
  m_StaticBatchRoot: {fileID: 0}
  m_ProbeAnchor: {fileID: 0}
  m_LightProbeVolumeOverride: {fileID: 0}
  m_ScaleInLightmap: 1
  m_ReceiveGI: 1
  m_PreserveUVs: 0
  m_IgnoreNormalsForChartDetection: 0
  m_ImportantGI: 0
  m_StitchLightmapSeams: 1
  m_SelectedEditorRenderState: 3
  m_MinimumChartSize: 4
  m_AutoUVMaxDistance: 0.5
  m_AutoUVMaxAngle: 89
  m_LightmapParameters: {fileID: 0}
  m_SortingLayerID: 0
  m_SortingLayer: 0
  m_SortingOrder: 0
  m_AdditionalVertexStreams: {fileID: 0}
--- !u!1 &7260824251161574535
GameObject:
  m_ObjectHideFlags: 0
  m_CorrespondingSourceObject: {fileID: 0}
  m_PrefabInstance: {fileID: 0}
  m_PrefabAsset: {fileID: 0}
  serializedVersion: 6
  m_Component:
  - component: {fileID: 5088643524171585783}
  - component: {fileID: 8603505707715388020}
  - component: {fileID: 3328859053624074237}
  m_Layer: 0
  m_Name: Base (1)
  m_TagString: Untagged
  m_Icon: {fileID: 0}
  m_NavMeshLayer: 0
  m_StaticEditorFlags: 0
  m_IsActive: 1
--- !u!4 &5088643524171585783
Transform:
  m_ObjectHideFlags: 0
  m_CorrespondingSourceObject: {fileID: 0}
  m_PrefabInstance: {fileID: 0}
  m_PrefabAsset: {fileID: 0}
  m_GameObject: {fileID: 7260824251161574535}
  m_LocalRotation: {x: -0, y: -0, z: -0, w: 1}
  m_LocalPosition: {x: 0, y: 0, z: 0}
  m_LocalScale: {x: 1, y: 1, z: 1}
  m_Children: []
  m_Father: {fileID: 8860211256662049674}
  m_RootOrder: 3
  m_LocalEulerAnglesHint: {x: 0, y: 0, z: 0}
--- !u!33 &8603505707715388020
MeshFilter:
  m_ObjectHideFlags: 0
  m_CorrespondingSourceObject: {fileID: 0}
  m_PrefabInstance: {fileID: 0}
  m_PrefabAsset: {fileID: 0}
  m_GameObject: {fileID: 7260824251161574535}
  m_Mesh: {fileID: 3909233067320746374, guid: 30803f7dabde2c64588e774e35cfead3, type: 3}
--- !u!23 &3328859053624074237
MeshRenderer:
  m_ObjectHideFlags: 0
  m_CorrespondingSourceObject: {fileID: 0}
  m_PrefabInstance: {fileID: 0}
  m_PrefabAsset: {fileID: 0}
  m_GameObject: {fileID: 7260824251161574535}
  m_Enabled: 1
  m_CastShadows: 0
  m_ReceiveShadows: 1
  m_DynamicOccludee: 1
  m_MotionVectors: 1
  m_LightProbeUsage: 1
  m_ReflectionProbeUsage: 1
  m_RayTracingMode: 2
  m_RayTraceProcedural: 0
  m_RenderingLayerMask: 1
  m_RendererPriority: 0
  m_Materials:
  - {fileID: 2100000, guid: 0982c8a9b29d7e043b1809735633afb8, type: 2}
  - {fileID: 2100000, guid: 796c55cf82a57154cacb010fa2d6e59e, type: 2}
  m_StaticBatchInfo:
    firstSubMesh: 0
    subMeshCount: 0
  m_StaticBatchRoot: {fileID: 0}
  m_ProbeAnchor: {fileID: 0}
  m_LightProbeVolumeOverride: {fileID: 0}
  m_ScaleInLightmap: 1
  m_ReceiveGI: 1
  m_PreserveUVs: 0
  m_IgnoreNormalsForChartDetection: 0
  m_ImportantGI: 0
  m_StitchLightmapSeams: 1
  m_SelectedEditorRenderState: 3
  m_MinimumChartSize: 4
  m_AutoUVMaxDistance: 0.5
  m_AutoUVMaxAngle: 89
  m_LightmapParameters: {fileID: 0}
  m_SortingLayerID: 0
  m_SortingLayer: 0
  m_SortingOrder: 0
  m_AdditionalVertexStreams: {fileID: 0}
--- !u!1 &8196018734443403568
GameObject:
  m_ObjectHideFlags: 0
  m_CorrespondingSourceObject: {fileID: 0}
  m_PrefabInstance: {fileID: 0}
  m_PrefabAsset: {fileID: 0}
  serializedVersion: 6
  m_Component:
  - component: {fileID: 8860211256662049674}
  - component: {fileID: 9043072250529391716}
  - component: {fileID: 7794422667318224133}
  - component: {fileID: 6540179997930264582}
  - component: {fileID: 6256982810969771559}
  m_Layer: 8
  m_Name: Platform_Sides
  m_TagString: Untagged
  m_Icon: {fileID: 0}
  m_NavMeshLayer: 0
  m_StaticEditorFlags: 0
  m_IsActive: 1
--- !u!4 &8860211256662049674
Transform:
  m_ObjectHideFlags: 0
  m_CorrespondingSourceObject: {fileID: 0}
  m_PrefabInstance: {fileID: 0}
  m_PrefabAsset: {fileID: 0}
  m_GameObject: {fileID: 8196018734443403568}
  m_LocalRotation: {x: 0, y: 0, z: 0, w: 1}
  m_LocalPosition: {x: 0, y: 44.15, z: 24.5}
  m_LocalScale: {x: 3, y: 3, z: 3}
  m_Children:
  - {fileID: 8119021547309890035}
  - {fileID: 7226814419214845153}
  - {fileID: 3430540696717622554}
  - {fileID: 5088643524171585783}
  m_Father: {fileID: 0}
  m_RootOrder: 0
  m_LocalEulerAnglesHint: {x: 0, y: 0, z: 0}
--- !u!114 &9043072250529391716
MonoBehaviour:
  m_ObjectHideFlags: 0
  m_CorrespondingSourceObject: {fileID: 0}
  m_PrefabInstance: {fileID: 0}
  m_PrefabAsset: {fileID: 0}
  m_GameObject: {fileID: 8196018734443403568}
  m_Enabled: 1
  m_EditorHideFlags: 0
  m_Script: {fileID: 11500000, guid: bd199ab4becc80b4a80b863e8a63baf2, type: 3}
  m_Name: 
  m_EditorClassIdentifier: 
  platformID: 0
  movesSideways: 1
  destructible: 0
  sinking: 0
  debris: {fileID: 0}
  maxJump: 2
  vfxAnimator: {fileID: 2332171555952962442}
  center: {fileID: 8119021547309890035}
  centerOffset: {x: 0, y: 0.5, z: 0}
  perfectRange: 0.8
  perfectMult: 1.5
  goodRange: 2.55
  goodMult: 1.15
  rigidbodies: []
  explosionRadius: 0
  maxExplosionForce: 0
  minExplosionForce: 0
  destroyDelay: 2
--- !u!54 &7794422667318224133
Rigidbody:
  m_ObjectHideFlags: 0
  m_CorrespondingSourceObject: {fileID: 0}
  m_PrefabInstance: {fileID: 0}
  m_PrefabAsset: {fileID: 0}
  m_GameObject: {fileID: 8196018734443403568}
  serializedVersion: 2
  m_Mass: 1
  m_Drag: 0
  m_AngularDrag: 0.05
  m_UseGravity: 0
  m_IsKinematic: 0
  m_Interpolate: 0
  m_Constraints: 126
  m_CollisionDetection: 2
--- !u!95 &6540179997930264582
Animator:
  serializedVersion: 3
  m_ObjectHideFlags: 0
  m_CorrespondingSourceObject: {fileID: 0}
  m_PrefabInstance: {fileID: 0}
  m_PrefabAsset: {fileID: 0}
  m_GameObject: {fileID: 8196018734443403568}
  m_Enabled: 1
  m_Avatar: {fileID: 0}
  m_Controller: {fileID: 9100000, guid: 2080de0a198ae2e4e9849d9053ae836e, type: 2}
  m_CullingMode: 0
  m_UpdateMode: 0
  m_ApplyRootMotion: 0
  m_LinearVelocityBlending: 0
  m_WarningMessage: 
  m_HasTransformHierarchy: 1
  m_AllowConstantClipSamplingOptimization: 1
  m_KeepAnimatorControllerStateOnDisable: 0
--- !u!114 &6256982810969771559
MonoBehaviour:
  m_ObjectHideFlags: 0
  m_CorrespondingSourceObject: {fileID: 0}
  m_PrefabInstance: {fileID: 0}
  m_PrefabAsset: {fileID: 0}
  m_GameObject: {fileID: 8196018734443403568}
  m_Enabled: 1
  m_EditorHideFlags: 0
  m_Script: {fileID: 11500000, guid: d6bea7e1e729c0b41a27fc142c679ed6, type: 3}
  m_Name: 
  m_EditorClassIdentifier: 
  type: 1
  mr: {fileID: 71517084050100353}
  s_Center: {r: 1, g: 0.7647059, b: 0.19215687, a: 1}
  s_Inner: {r: 1, g: 0.5176471, b: 0.25490198, a: 1}
  s_Outer: {r: 1, g: 0.34509805, b: 0.08627451, a: 1}
  sd_Center: {r: 0.8627451, g: 0.9490196, b: 0.36862746, a: 1}
  sd_Inner: {r: 1, g: 0.77254903, b: 0.28627452, a: 1}
  sd_Outer: {r: 1, g: 0.69803923, b: 0, a: 1}
  d_Center: {r: 0, g: 0, b: 0, a: 0}
  d_Inner: {r: 0, g: 0, b: 0, a: 0}
  d_Outer: {r: 0, g: 0, b: 0, a: 0}
--- !u!1 &8724663577490716791
GameObject:
  m_ObjectHideFlags: 0
  m_CorrespondingSourceObject: {fileID: 0}
  m_PrefabInstance: {fileID: 0}
  m_PrefabAsset: {fileID: 0}
  serializedVersion: 6
  m_Component:
  - component: {fileID: 3430540696717622554}
  - component: {fileID: 2449028787527051493}
  - component: {fileID: 3201737487822833311}
  m_Layer: 8
  m_Name: Wing_Right
  m_TagString: Untagged
  m_Icon: {fileID: 0}
  m_NavMeshLayer: 0
  m_StaticEditorFlags: 0
  m_IsActive: 1
--- !u!4 &3430540696717622554
Transform:
  m_ObjectHideFlags: 0
  m_CorrespondingSourceObject: {fileID: 0}
  m_PrefabInstance: {fileID: 0}
  m_PrefabAsset: {fileID: 0}
  m_GameObject: {fileID: 8724663577490716791}
  m_LocalRotation: {x: -0.7071068, y: 0, z: -0, w: 0.7071067}
  m_LocalPosition: {x: -0, y: -0.5, z: 0}
  m_LocalScale: {x: 100, y: 12.5, z: 10.000002}
  m_Children: []
  m_Father: {fileID: 8860211256662049674}
  m_RootOrder: 2
  m_LocalEulerAnglesHint: {x: 0, y: 0, z: 0}
--- !u!33 &2449028787527051493
MeshFilter:
  m_ObjectHideFlags: 0
  m_CorrespondingSourceObject: {fileID: 0}
  m_PrefabInstance: {fileID: 0}
  m_PrefabAsset: {fileID: 0}
  m_GameObject: {fileID: 8724663577490716791}
  m_Mesh: {fileID: 279092297219497266, guid: 78cc1988811589946bb21828909851de, type: 3}
--- !u!23 &3201737487822833311
MeshRenderer:
  m_ObjectHideFlags: 0
  m_CorrespondingSourceObject: {fileID: 0}
  m_PrefabInstance: {fileID: 0}
  m_PrefabAsset: {fileID: 0}
  m_GameObject: {fileID: 8724663577490716791}
  m_Enabled: 1
  m_CastShadows: 0
  m_ReceiveShadows: 1
  m_DynamicOccludee: 1
  m_MotionVectors: 1
  m_LightProbeUsage: 1
  m_ReflectionProbeUsage: 1
  m_RayTracingMode: 2
  m_RayTraceProcedural: 0
  m_RenderingLayerMask: 1
  m_RendererPriority: 0
  m_Materials:
  - {fileID: 2100000, guid: ef05fd4ccd6d13c469dee8df22c598db, type: 2}
  - {fileID: 2100000, guid: ef05fd4ccd6d13c469dee8df22c598db, type: 2}
  m_StaticBatchInfo:
    firstSubMesh: 0
    subMeshCount: 0
  m_StaticBatchRoot: {fileID: 0}
  m_ProbeAnchor: {fileID: 0}
  m_LightProbeVolumeOverride: {fileID: 0}
  m_ScaleInLightmap: 1
  m_ReceiveGI: 1
  m_PreserveUVs: 0
  m_IgnoreNormalsForChartDetection: 0
  m_ImportantGI: 0
  m_StitchLightmapSeams: 1
  m_SelectedEditorRenderState: 3
  m_MinimumChartSize: 4
  m_AutoUVMaxDistance: 0.5
  m_AutoUVMaxAngle: 89
  m_LightmapParameters: {fileID: 0}
  m_SortingLayerID: 0
  m_SortingLayer: 0
  m_SortingOrder: 0
  m_AdditionalVertexStreams: {fileID: 0}
--- !u!1001 &7307125112136893417
PrefabInstance:
  m_ObjectHideFlags: 0
  serializedVersion: 2
  m_Modification:
    m_TransformParent: {fileID: 8119021547309890035}
    m_Modifications:
    - target: {fileID: 4631184978121696004, guid: 25540901395b5484b9a5a47798d061b2, type: 3}
      propertyPath: m_Name
      value: VFX_Platform
      objectReference: {fileID: 0}
    - target: {fileID: 6232514907191676750, guid: 25540901395b5484b9a5a47798d061b2, type: 3}
      propertyPath: m_LocalPosition.x
      value: 0
      objectReference: {fileID: 0}
    - target: {fileID: 6232514907191676750, guid: 25540901395b5484b9a5a47798d061b2, type: 3}
      propertyPath: m_LocalPosition.y
      value: 0
      objectReference: {fileID: 0}
    - target: {fileID: 6232514907191676750, guid: 25540901395b5484b9a5a47798d061b2, type: 3}
      propertyPath: m_LocalPosition.z
      value: 0.00185
      objectReference: {fileID: 0}
    - target: {fileID: 6232514907191676750, guid: 25540901395b5484b9a5a47798d061b2, type: 3}
      propertyPath: m_LocalRotation.x
      value: 0
      objectReference: {fileID: 0}
    - target: {fileID: 6232514907191676750, guid: 25540901395b5484b9a5a47798d061b2, type: 3}
      propertyPath: m_LocalRotation.y
      value: 0
      objectReference: {fileID: 0}
    - target: {fileID: 6232514907191676750, guid: 25540901395b5484b9a5a47798d061b2, type: 3}
      propertyPath: m_LocalRotation.z
      value: 0
      objectReference: {fileID: 0}
    - target: {fileID: 6232514907191676750, guid: 25540901395b5484b9a5a47798d061b2, type: 3}
      propertyPath: m_LocalRotation.w
      value: 1
      objectReference: {fileID: 0}
    - target: {fileID: 6232514907191676750, guid: 25540901395b5484b9a5a47798d061b2, type: 3}
      propertyPath: m_RootOrder
      value: 0
      objectReference: {fileID: 0}
    - target: {fileID: 6232514907191676750, guid: 25540901395b5484b9a5a47798d061b2, type: 3}
      propertyPath: m_LocalEulerAnglesHint.x
      value: 0
      objectReference: {fileID: 0}
    - target: {fileID: 6232514907191676750, guid: 25540901395b5484b9a5a47798d061b2, type: 3}
      propertyPath: m_LocalEulerAnglesHint.y
      value: 0
      objectReference: {fileID: 0}
    - target: {fileID: 6232514907191676750, guid: 25540901395b5484b9a5a47798d061b2, type: 3}
      propertyPath: m_LocalEulerAnglesHint.z
      value: 0
      objectReference: {fileID: 0}
    m_RemovedComponents: []
  m_SourcePrefab: {fileID: 100100000, guid: 25540901395b5484b9a5a47798d061b2, type: 3}
--- !u!4 &3681209848478633127 stripped
Transform:
  m_CorrespondingSourceObject: {fileID: 6232514907191676750, guid: 25540901395b5484b9a5a47798d061b2, type: 3}
  m_PrefabInstance: {fileID: 7307125112136893417}
  m_PrefabAsset: {fileID: 0}
--- !u!95 &2332171555952962442 stripped
Animator:
  m_CorrespondingSourceObject: {fileID: 4987057361414334563, guid: 25540901395b5484b9a5a47798d061b2, type: 3}
  m_PrefabInstance: {fileID: 7307125112136893417}
  m_PrefabAsset: {fileID: 0}
--- !u!1001 &7769369856763492312
PrefabInstance:
  m_ObjectHideFlags: 0
  serializedVersion: 2
  m_Modification:
    m_TransformParent: {fileID: 8119021547309890035}
    m_Modifications:
    - target: {fileID: 767596735099604998, guid: 48f76719784b97143a9c4c0d4dd88515, type: 3}
      propertyPath: m_Name
      value: PlatformNumber
      objectReference: {fileID: 0}
    - target: {fileID: 2061883457524380335, guid: 48f76719784b97143a9c4c0d4dd88515, type: 3}
      propertyPath: p_Bounce
      value: 
      objectReference: {fileID: 9043072250529391716}
    - target: {fileID: 4150124077175023833, guid: 48f76719784b97143a9c4c0d4dd88515, type: 3}
      propertyPath: m_LocalPosition.x
      value: 0
      objectReference: {fileID: 0}
    - target: {fileID: 4150124077175023833, guid: 48f76719784b97143a9c4c0d4dd88515, type: 3}
      propertyPath: m_LocalPosition.y
      value: 0
      objectReference: {fileID: 0}
    - target: {fileID: 4150124077175023833, guid: 48f76719784b97143a9c4c0d4dd88515, type: 3}
      propertyPath: m_LocalPosition.z
      value: -0.0016664438
      objectReference: {fileID: 0}
    - target: {fileID: 4150124077175023833, guid: 48f76719784b97143a9c4c0d4dd88515, type: 3}
      propertyPath: m_LocalRotation.x
      value: 0.7071068
      objectReference: {fileID: 0}
    - target: {fileID: 4150124077175023833, guid: 48f76719784b97143a9c4c0d4dd88515, type: 3}
      propertyPath: m_LocalRotation.y
      value: -0
      objectReference: {fileID: 0}
    - target: {fileID: 4150124077175023833, guid: 48f76719784b97143a9c4c0d4dd88515, type: 3}
      propertyPath: m_LocalRotation.z
      value: -0
      objectReference: {fileID: 0}
    - target: {fileID: 4150124077175023833, guid: 48f76719784b97143a9c4c0d4dd88515, type: 3}
      propertyPath: m_LocalRotation.w
      value: 0.7071067
      objectReference: {fileID: 0}
    - target: {fileID: 4150124077175023833, guid: 48f76719784b97143a9c4c0d4dd88515, type: 3}
      propertyPath: m_RootOrder
      value: 1
      objectReference: {fileID: 0}
    - target: {fileID: 4150124077175023833, guid: 48f76719784b97143a9c4c0d4dd88515, type: 3}
      propertyPath: m_LocalEulerAnglesHint.x
      value: 0
      objectReference: {fileID: 0}
    - target: {fileID: 4150124077175023833, guid: 48f76719784b97143a9c4c0d4dd88515, type: 3}
      propertyPath: m_LocalEulerAnglesHint.y
      value: 0
      objectReference: {fileID: 0}
    - target: {fileID: 4150124077175023833, guid: 48f76719784b97143a9c4c0d4dd88515, type: 3}
      propertyPath: m_LocalEulerAnglesHint.z
      value: 0
      objectReference: {fileID: 0}
    - target: {fileID: 4150124077175023833, guid: 48f76719784b97143a9c4c0d4dd88515, type: 3}
      propertyPath: m_LocalScale.x
      value: 0.01
      objectReference: {fileID: 0}
    - target: {fileID: 4150124077175023833, guid: 48f76719784b97143a9c4c0d4dd88515, type: 3}
      propertyPath: m_LocalScale.y
      value: 0.010000003
      objectReference: {fileID: 0}
    - target: {fileID: 4150124077175023833, guid: 48f76719784b97143a9c4c0d4dd88515, type: 3}
      propertyPath: m_LocalScale.z
      value: 0.010000003
      objectReference: {fileID: 0}
    m_RemovedComponents: []
  m_SourcePrefab: {fileID: 100100000, guid: 48f76719784b97143a9c4c0d4dd88515, type: 3}
--- !u!4 &5929669939460038401 stripped
Transform:
  m_CorrespondingSourceObject: {fileID: 4150124077175023833, guid: 48f76719784b97143a9c4c0d4dd88515, type: 3}
  m_PrefabInstance: {fileID: 7769369856763492312}
  m_PrefabAsset: {fileID: 0}
